<?xml version="1.0" encoding="UTF-8"?>
<!DOCTYPE html PUBLIC "-//W3C//DTD XHTML 1.0 Transitional//EN"
    "http://www.w3.org/TR/xhtml1/DTD/xhtml1-transitional.dtd">
<html xmlns="http://www.w3.org/1999/xhtml" xml:lang="en" lang="en">
 <head>
  <title>
</title>
<meta http-equiv="Content-Type" content="text/html;charset=utf-8" />
  <meta name='ocr-system' content='tesseract 3.04.00' />
  <meta name='ocr-capabilities' content='ocr_page ocr_carea ocr_par ocr_line ocrx_word'/>
</head>
<body>
  <div class='ocr_page' id='page_1' title='image "./quaestionesservi00moeluoft_0054.png"; bbox 0 0 2023 3543; ppageno 0'>
   <div class='ocr_carea' id='block_1_1' title="bbox 952 223 1248 269">
    <p class='ocr_par' dir='ltr' id='par_1_1' title="bbox 952 223 1248 269">
     <span class='ocr_line' id='line_1_1' title="bbox 952 223 1248 269; baseline -0.003 -18"><span class='ocrx_word' id='word_1_1' title='bbox 952 223 1248 269; x_wconf 68' lang='lat'><strong>—46-„</strong></span> 
     </span>
    </p>
   </div>
   <div class='ocr_carea' id='block_1_2' title="bbox 322 349 1889 906">
    <p class='ocr_par' dir='ltr' id='par_1_2' title="bbox 322 349 1889 906">
     <span class='ocr_line' id='line_1_2' title="bbox 322 349 1886 405; baseline -0.005 -10"><span class='ocrx_word' id='word_1_2' title='bbox 322 357 499 403; x_wconf 84' lang='lat' dir='ltr'><strong>servavit,</strong></span> <span class='ocrx_word' id='word_1_3' title='bbox 535 369 613 405; x_wconf 87' lang='lat' dir='ltr'><strong>qua</strong></span> <span class='ocrx_word' id='word_1_4' title='bbox 646 355 695 393; x_wconf 92' lang='lat' dir='ltr'><strong>de</strong></span> <span class='ocrx_word' id='word_1_5' title='bbox 730 366 768 392; x_wconf 87' lang='lat' dir='ltr'><strong>re</strong></span> <span class='ocrx_word' id='word_1_6' title='bbox 802 353 966 403; x_wconf 84' lang='lat' dir='ltr'><strong>posthac</strong></span> <span class='ocrx_word' id='word_1_7' title='bbox 999 352 1262 390; x_wconf 84' lang='lat' dir='ltr'><strong>disseremus:</strong></span> <span class='ocrx_word' id='word_1_8' title='bbox 1313 350 1392 388; x_wconf 89' lang='lat' dir='ltr'><strong>iam</strong></span> <span class='ocrx_word' id='word_1_9' title='bbox 1425 349 1476 388; x_wconf 90' lang='lat' dir='ltr'><strong>de</strong></span> <span class='ocrx_word' id='word_1_10' title='bbox 1513 349 1602 388; x_wconf 87' lang='lat' dir='ltr'><strong>aliis</strong></span> <span class='ocrx_word' id='word_1_11' title='bbox 1634 349 1767 388; x_wconf 85' lang='lat' dir='ltr'><strong>verbis</strong></span> <span class='ocrx_word' id='word_1_12' title='bbox 1805 349 1886 399; x_wconf 89' lang='lat' dir='ltr'><strong>ple-</strong></span> 
     </span>
     <span class='ocr_line' id='line_1_3' title="bbox 323 420 1884 472; baseline -0.006 -5"><span class='ocrx_word' id='word_1_13' title='bbox 323 430 443 467; x_wconf 83' lang='lat' dir='ltr'><strong>nioris</strong></span> <span class='ocrx_word' id='word_1_14' title='bbox 492 428 614 466; x_wconf 86' lang='lat' dir='ltr'><strong>Servii</strong></span> <span class='ocrx_word' id='word_1_15' title='bbox 656 440 679 464; x_wconf 85' lang='lat' dir='ltr'><strong>a</strong></span> <span class='ocrx_word' id='word_1_16' title='bbox 721 426 900 463; x_wconf 87' lang='lat' dir='ltr'><strong>breviore</strong></span> <span class='ocrx_word' id='word_1_17' title='bbox 949 424 1106 461; x_wconf 90' lang='lat' dir='ltr'><strong>omissis</strong></span> <span class='ocrx_word' id='word_1_18' title='bbox 1154 422 1367 472; x_wconf 88' lang='lat' dir='ltr'><strong>quaeritur.</strong></span> <span class='ocrx_word' id='word_1_19' title='bbox 1442 421 1711 470; x_wconf 85' lang='lat' dir='ltr'><strong>Respondeas</strong></span> <span class='ocrx_word' id='word_1_20' title='bbox 1755 420 1884 470; x_wconf 87' lang='lat' dir='ltr'><strong>igitur,</strong></span> 
     </span>
     <span class='ocr_line' id='line_1_4' title="bbox 323 491 1886 550; baseline -0.006 -12"><span class='ocrx_word' id='word_1_21' title='bbox 323 514 494 550; x_wconf 82' lang='lat' dir='ltr'><strong>quaeso:</strong></span> <span class='ocrx_word' id='word_1_22' title='bbox 544 512 613 536; x_wconf 91' lang='lat' dir='ltr'><strong>cur</strong></span> <span class='ocrx_word' id='word_1_23' title='bbox 645 497 841 536; x_wconf 82' lang='lat' dir='ltr'><strong>Ascanius</strong></span> <span class='ocrx_word' id='word_1_24' title='bbox 871 498 981 546; x_wconf 89' lang='lat' dir='ltr'><strong>Julus</strong></span> <span class='ocrx_word' id='word_1_25' title='bbox 1014 494 1201 533; x_wconf 86' lang='lat' dir='ltr'><strong>vocatur?</strong></span> <span class='ocrx_word' id='word_1_26' title='bbox 1261 496 1295 531; x_wconf 93' lang='lat' dir='ltr'>A</span> <span class='ocrx_word' id='word_1_27' title='bbox 1333 493 1462 543; x_wconf 88' lang='lat' dir='ltr'><strong>prima</strong></span> <span class='ocrx_word' id='word_1_28' title='bbox 1493 493 1644 531; x_wconf 85' lang='lat' dir='ltr'><strong>barbae</strong></span> <span class='ocrx_word' id='word_1_29' title='bbox 1675 491 1886 541; x_wconf 86' lang='lat' dir='ltr'><strong>lanugine?</strong></span> 
     </span>
     <span class='ocr_line' id='line_1_5' title="bbox 324 564 1888 619; baseline -0.006 -9"><span class='ocrx_word' id='word_1_30' title='bbox 324 573 452 610; x_wconf 89' lang='lat' dir='ltr'><strong>Nemo</strong></span> <span class='ocrx_word' id='word_1_31' title='bbox 486 578 543 608; x_wconf 88' lang='lat' dir='ltr'><strong>est</strong></span> <span class='ocrx_word' id='word_1_32' title='bbox 575 570 641 619; x_wconf 82' lang='lat' dir='ltr'><strong>qui</strong></span> <span class='ocrx_word' id='word_1_33' title='bbox 674 569 714 606; x_wconf 90' lang='lat' dir='ltr'><strong>id</strong></span> <span class='ocrx_word' id='word_1_34' title='bbox 748 569 952 618; x_wconf 84' lang='lat' dir='ltr'><strong>percipere</strong></span> <span class='ocrx_word' id='word_1_35' title='bbox 986 566 1123 616; x_wconf 84' lang='lat' dir='ltr'><strong>possit,</strong></span> <span class='ocrx_word' id='word_1_36' title='bbox 1165 577 1296 614; x_wconf 87' lang='lat' dir='ltr'><strong>neque</strong></span> <span class='ocrx_word' id='word_1_37' title='bbox 1329 564 1495 602; x_wconf 85' lang='lat' dir='ltr'><strong>dubium</strong></span> <span class='ocrx_word' id='word_1_38' title='bbox 1527 570 1585 602; x_wconf 85' lang='lat' dir='ltr'><strong>est</strong></span> <span class='ocrx_word' id='word_1_39' title='bbox 1619 564 1714 612; x_wconf 89' lang='lat' dir='ltr'><strong>quin</strong></span> <span class='ocrx_word' id='word_1_40' title='bbox 1749 575 1888 601; x_wconf 88' lang='lat' dir='ltr'><strong>omnes</strong></span> 
     </span>
     <span class='ocr_line' id='line_1_6' title="bbox 324 634 1888 686; baseline -0.006 -5"><span class='ocrx_word' id='word_1_41' title='bbox 324 643 495 681; x_wconf 85' lang='lat' dir='ltr'><strong>nominis</strong></span> <span class='ocrx_word' id='word_1_42' title='bbox 529 641 801 679; x_wconf 83' lang='lat' dir='ltr'><strong>definitionem</strong></span> <span class='ocrx_word' id='word_1_43' title='bbox 835 638 1083 676; x_wconf 71' lang='lat' dir='ltr'><strong>desiderent:</strong></span> <span class='ocrx_word' id='word_1_44' title='bbox 1123 649 1226 686; x_wconf 86' lang='lat' dir='ltr'><strong>quae</strong></span> <span class='ocrx_word' id='word_1_45' title='bbox 1259 635 1440 674; x_wconf 81' lang='lat' dir='ltr'><strong>definitio</strong></span> <span class='ocrx_word' id='word_1_46' title='bbox 1483 648 1507 673; x_wconf 89' lang='lat' dir='ltr'><strong>a</strong></span> <span class='ocrx_word' id='word_1_47' title='bbox 1537 635 1718 685; x_wconf 87' lang='lat' dir='ltr'><strong>pleniore</strong></span> <span class='ocrx_word' id='word_1_48' title='bbox 1751 634 1888 673; x_wconf 84' lang='lat' dir='ltr'><strong>Servio</strong></span> 
     </span>
     <span class='ocr_line' id='line_1_7' title="bbox 325 706 1887 762; baseline -0.006 -9"><span class='ocrx_word' id='word_1_49' title='bbox 325 717 416 753; x_wconf 85' lang='lat' dir='ltr'><strong>data</strong></span> <span class='ocrx_word' id='word_1_50' title='bbox 450 721 506 752; x_wconf 87' lang='lat' dir='ltr'><strong>est</strong></span> <span class='ocrx_word' id='word_1_51' title='bbox 540 714 603 762; x_wconf 86' lang='lat' dir='ltr'><strong>qui</strong></span> <span class='ocrx_word' id='word_1_52' title='bbox 635 713 711 762; x_wconf 87' lang='lat' dir='ltr'><strong>Juli</strong></span> <span class='ocrx_word' id='word_1_53' title='bbox 745 723 891 748; x_wconf 89' lang='lat' dir='ltr'><strong>nomen</strong></span> <span class='ocrx_word' id='word_1_54' title='bbox 926 717 991 747; x_wconf 87' lang='lat' dir='ltr'><strong>aut</strong></span> <span class='ocrx_word' id='word_1_55' title='bbox 1015 709 1065 746; x_wconf 86' lang='lat' dir='ltr'><strong>ad</strong></span> <span class='ocrx_word' id='word_1_56' title='bbox 1088 706 1263 758; x_wconf 74' lang='grc' dir='ltr'><em>ἰοβόλον</em></span> <span class='ocrx_word' id='word_1_57' title='bbox 1287 715 1354 745; x_wconf 87' lang='lat' dir='ltr'><strong>aut</strong></span> <span class='ocrx_word' id='word_1_58' title='bbox 1376 707 1428 745; x_wconf 91' lang='lat' dir='ltr'><strong>ad</strong></span> <span class='ocrx_word' id='word_1_59' title='bbox 1451 706 1594 749; x_wconf 76' lang='grc' dir='ltr'><em>ἴουλον</em></span> <span class='ocrx_word' id='word_1_60' title='bbox 1618 707 1887 745; x_wconf 81' lang='lat' dir='ltr'><strong>revocandum</strong></span> 
     </span>
     <span class='ocr_line' id='line_1_8' title="bbox 326 778 1889 833; baseline -0.006 -9"><span class='ocrx_word' id='word_1_61' title='bbox 326 800 410 824; x_wconf 76' lang='lat' dir='ltr'><strong>esse</strong></span> <span class='ocrx_word' id='word_1_62' title='bbox 442 785 550 829; x_wconf 78' lang='lat' dir='ltr'><strong>dicit,</strong></span> <span class='ocrx_word' id='word_1_63' title='bbox 585 785 693 833; x_wconf 81' lang='lat' dir='ltr'><strong>quod</strong></span> <span class='ocrx_word' id='word_1_64' title='bbox 726 781 987 831; x_wconf 79' lang='lat' dir='ltr'><strong>veriloquium</strong></span> <span class='ocrx_word' id='word_1_65' title='bbox 1021 793 1140 829; x_wconf 84' lang='lat' dir='ltr'><strong>quam</strong></span> <span class='ocrx_word' id='word_1_66' title='bbox 1186 791 1412 829; x_wconf 87' lang='lat' dir='ltr'><strong>perversum</strong></span> <span class='ocrx_word' id='word_1_67' title='bbox 1458 779 1505 817; x_wconf 89' lang='lat' dir='ltr'><strong>sit</strong></span> <span class='ocrx_word' id='word_1_68' title='bbox 1551 791 1648 817; x_wconf 90' lang='lat' dir='ltr'><strong>sane</strong></span> <span class='ocrx_word' id='word_1_69' title='bbox 1688 778 1889 817; x_wconf 88' lang='lat' dir='ltr'><strong>neminem</strong></span> 
     </span>
     <span class='ocr_line' id='line_1_9' title="bbox 324 853 545 906; baseline -0.014 -10"><span class='ocrx_word' id='word_1_70' title='bbox 324 858 474 896; x_wconf 81' lang='lat' dir='ltr'><strong>latebit.</strong></span> <span class='ocrx_word' id='word_1_71' title='bbox 493 853 545 906; x_wconf 62' lang='grc' dir='ltr'><strong>Π)</strong></span> 
     </span>
    </p>
   </div>
   <div class='ocr_carea' id='block_1_3' title="bbox 327 932 1889 1061">
    <p class='ocr_par' dir='ltr' id='par_1_3' title="bbox 327 932 1889 1061">
     <span class='ocr_line' id='line_1_10' title="bbox 470 932 1889 986; baseline -0.005 -9"><span class='ocrx_word' id='word_1_72' title='bbox 470 941 527 977; x_wconf 85' lang='lat' dir='ltr'><strong>Ex</strong></span> <span class='ocrx_word' id='word_1_73' title='bbox 561 941 593 977; x_wconf 88' lang='lat' dir='ltr'><strong>A</strong></span> <span class='ocrx_word' id='word_1_74' title='bbox 624 951 657 983; x_wconf 86' lang='lat'><strong>2,</strong></span> <span class='ocrx_word' id='word_1_75' title='bbox 688 951 735 986; x_wconf 82' lang='lat'><strong>23</strong></span> <span class='ocrx_word' id='word_1_76' title='bbox 773 938 849 974; x_wconf 90' lang='lat' dir='ltr'><strong>hoc</strong></span> <span class='ocrx_word' id='word_1_77' title='bbox 895 937 1041 974; x_wconf 82' lang='lat' dir='ltr'><strong>affero:</strong></span> <span class='ocrx_word' id='word_1_78' title='bbox 1096 935 1228 980; x_wconf 88' lang='lat' dir='ltr'><strong>„Sane</strong></span> <span class='ocrx_word' id='word_1_79' title='bbox 1263 935 1380 979; x_wconf 89' lang='lat' dir='ltr'><strong>,male</strong></span> <span class='ocrx_word' id='word_1_80' title='bbox 1425 935 1539 972; x_wconf 87' lang='lat' dir='ltr'><strong>fidus‘</strong></span> <span class='ocrx_word' id='word_1_81' title='bbox 1589 934 1732 980; x_wconf 87' lang='lat' dir='ltr'><strong>,minus</strong></span> <span class='ocrx_word' id='word_1_82' title='bbox 1774 932 1889 970; x_wconf 89' lang='lat' dir='ltr'><strong>fidus‘</strong></span> 
     </span>
     <span class='ocr_line' id='line_1_11' title="bbox 327 1005 1814 1061; baseline -0.005 -11"><span class='ocrx_word' id='word_1_83' title='bbox 327 1012 576 1061; x_wconf 75' lang='lat' dir='ltr'><strong>intellegitur.</strong></span> <span class='ocrx_word' id='word_1_84' title='bbox 644 1010 776 1055; x_wconf 81' lang='lat' dir='ltr'><strong>,Male‘</strong></span> <span class='ocrx_word' id='word_1_85' title='bbox 812 1009 915 1046; x_wconf 87' lang='lat' dir='ltr'><strong>enim</strong></span> <span class='ocrx_word' id='word_1_86' title='bbox 951 1007 1213 1045; x_wconf 88' lang='lat' dir='ltr'><strong>minutionem</strong></span> <span class='ocrx_word' id='word_1_87' title='bbox 1247 1007 1369 1044; x_wconf 90' lang='lat' dir='ltr'><strong>habet</strong></span> <span class='ocrx_word' id='word_1_88' title='bbox 1401 1019 1483 1044; x_wconf 90' lang='lat' dir='ltr'><strong>non</strong></span> <span class='ocrx_word' id='word_1_89' title='bbox 1516 1005 1814 1056; x_wconf 87' lang='lat' dir='ltr'><strong>negationem.‘¹</strong></span> 
     </span>
    </p>
   </div>
   <div class='ocr_carea' id='block_1_4' title="bbox 327 1087 1899 2027">
    <p class='ocr_par' dir='ltr' id='par_1_4' title="bbox 327 1087 1895 1430">
     <span class='ocr_line' id='line_1_12' title="bbox 470 1087 1892 1142; baseline -0.005 -10"><span class='ocrx_word' id='word_1_90' title='bbox 470 1096 597 1132; x_wconf 88' lang='lat' dir='ltr'><strong>Recte</strong></span> <span class='ocrx_word' id='word_1_91' title='bbox 647 1093 829 1142; x_wconf 83' lang='lat' dir='ltr'><strong>quidem:</strong></span> <span class='ocrx_word' id='word_1_92' title='bbox 874 1092 944 1129; x_wconf 85' lang='lat' dir='ltr'><strong>sed</strong></span> <span class='ocrx_word' id='word_1_93' title='bbox 986 1103 1106 1129; x_wconf 91' lang='lat' dir='ltr'><strong>nemo</strong></span> <span class='ocrx_word' id='word_1_94' title='bbox 1150 1098 1241 1128; x_wconf 87' lang='lat' dir='ltr'><strong>ante</strong></span> <span class='ocrx_word' id='word_1_95' title='bbox 1274 1090 1371 1128; x_wconf 79' lang='lat' dir='ltr'><strong>dixit</strong></span> <span class='ocrx_word' id='word_1_96' title='bbox 1420 1090 1548 1135; x_wconf 87' lang='lat' dir='ltr'><strong>,male‘</strong></span> <span class='ocrx_word' id='word_1_97' title='bbox 1593 1088 1769 1138; x_wconf 88' lang='lat' dir='ltr'><strong>negandi</strong></span> <span class='ocrx_word' id='word_1_98' title='bbox 1813 1087 1892 1125; x_wconf 89' lang='lat' dir='ltr'><strong>vim</strong></span> 
     </span>
     <span class='ocr_line' id='line_1_13' title="bbox 327 1161 1892 1213; baseline -0.005 -8"><span class='ocrx_word' id='word_1_99' title='bbox 327 1168 487 1205; x_wconf 84' lang='lat' dir='ltr'><strong>habere.</strong></span> <span class='ocrx_word' id='word_1_100' title='bbox 554 1166 746 1203; x_wconf 84' lang='lat' dir='ltr'><strong>Videmus</strong></span> <span class='ocrx_word' id='word_1_101' title='bbox 786 1163 902 1213; x_wconf 86' lang='lat' dir='ltr'><strong>igitur</strong></span> <span class='ocrx_word' id='word_1_102' title='bbox 946 1164 1049 1200; x_wconf 90' lang='lat' dir='ltr'><strong>hanc</strong></span> <span class='ocrx_word' id='word_1_103' title='bbox 1088 1162 1348 1202; x_wconf 82' lang='lat' dir='ltr'><strong>sententiam:</strong></span> <span class='ocrx_word' id='word_1_104' title='bbox 1401 1162 1521 1207; x_wconf 87' lang='lat' dir='ltr'><strong>,Male</strong></span> <span class='ocrx_word' id='word_1_105' title='bbox 1565 1161 1670 1200; x_wconf 91' lang='lat' dir='ltr'><strong>enim</strong></span> <span class='ocrx_word' id='word_1_106' title='bbox 1704 1173 1737 1199; x_wconf 90' lang='lat' dir='ltr'><strong>e.</strong></span> <span class='ocrx_word' id='word_1_107' title='bbox 1774 1173 1812 1210; x_wconf 88' lang='lat' dir='ltr'><strong>q.</strong></span> <span class='ocrx_word' id='word_1_108' title='bbox 1847 1163 1892 1197; x_wconf 50' lang='lat' dir='ltr'><em>ss</em></span> 
     </span>
     <span class='ocr_line' id='line_1_14' title="bbox 327 1233 1895 1287; baseline -0.005 -11"><span class='ocrx_word' id='word_1_109' title='bbox 327 1252 408 1276; x_wconf 90' lang='lat' dir='ltr'><strong>non</strong></span> <span class='ocrx_word' id='word_1_110' title='bbox 456 1238 650 1287; x_wconf 82' lang='lat' dir='ltr'><strong>respicere</strong></span> <span class='ocrx_word' id='word_1_111' title='bbox 693 1237 742 1274; x_wconf 86' lang='lat' dir='ltr'><strong>ad</strong></span> <span class='ocrx_word' id='word_1_112' title='bbox 786 1235 977 1273; x_wconf 88' lang='lat' dir='ltr'><strong>brevioris</strong></span> <span class='ocrx_word' id='word_1_113' title='bbox 1018 1234 1157 1280; x_wconf 82' lang='lat' dir='ltr'><strong>Servii,</strong></span> <span class='ocrx_word' id='word_1_114' title='bbox 1201 1235 1271 1272; x_wconf 90' lang='lat' dir='ltr'><strong>sed</strong></span> <span class='ocrx_word' id='word_1_115' title='bbox 1320 1234 1371 1272; x_wconf 85' lang='lat' dir='ltr'><strong>ad</strong></span> <span class='ocrx_word' id='word_1_116' title='bbox 1415 1233 1604 1284; x_wconf 85' lang='lat' dir='ltr'><strong>plenioris</strong></span> <span class='ocrx_word' id='word_1_117' title='bbox 1638 1233 1759 1271; x_wconf 86' lang='lat' dir='ltr'><strong>verba</strong></span> <span class='ocrx_word' id='word_1_118' title='bbox 1790 1242 1895 1281; x_wconf 86' lang='lat' dir='ltr'><strong>quae</strong></span> 
     </span>
     <span class='ocr_line' id='line_1_15' title="bbox 329 1302 1895 1353; baseline -0.004 -6"><span class='ocrx_word' id='word_1_119' title='bbox 329 1318 417 1347; x_wconf 86' lang='lat' dir='ltr'><strong>sunt</strong></span> <span class='ocrx_word' id='word_1_120' title='bbox 450 1310 620 1348; x_wconf 87' lang='lat' dir='ltr'><strong>ibidem:</strong></span> <span class='ocrx_word' id='word_1_121' title='bbox 672 1320 795 1353; x_wconf 87' lang='lat' dir='ltr'><strong>„sanc</strong></span> <span class='ocrx_word' id='word_1_122' title='bbox 831 1307 947 1351; x_wconf 87' lang='lat' dir='ltr'><strong>,male</strong></span> <span class='ocrx_word' id='word_1_123' title='bbox 980 1306 1095 1344; x_wconf 77' lang='lat' dir='ltr'><strong>fidus‘</strong></span> <span class='ocrx_word' id='word_1_124' title='bbox 1129 1318 1211 1343; x_wconf 90' lang='lat' dir='ltr'><strong>non</strong></span> <span class='ocrx_word' id='word_1_125' title='bbox 1245 1305 1403 1351; x_wconf 82' lang='lat' dir='ltr'><strong>infidus,</strong></span> <span class='ocrx_word' id='word_1_126' title='bbox 1439 1305 1509 1343; x_wconf 88' lang='lat' dir='ltr'><strong>sed</strong></span> <span class='ocrx_word' id='word_1_127' title='bbox 1542 1305 1671 1342; x_wconf 87' lang='lat' dir='ltr'><strong>minus</strong></span> <span class='ocrx_word' id='word_1_128' title='bbox 1705 1304 1806 1342; x_wconf 80' lang='lat' dir='ltr'><strong>fidus</strong></span> <span class='ocrx_word' id='word_1_129' title='bbox 1839 1302 1895 1340; x_wconf 89' lang='lat' dir='ltr'><strong>in-</strong></span> 
     </span>
     <span class='ocr_line' id='line_1_16' title="bbox 328 1369 1772 1430; baseline -0.003 -11"><span class='ocrx_word' id='word_1_130' title='bbox 328 1382 535 1430; x_wconf 77' lang='lat' dir='ltr'><strong>tellegitur.</strong></span> <span class='ocrx_word' id='word_1_131' title='bbox 593 1381 724 1424; x_wconf 73' lang='lat' dir='ltr'><strong>,Male‘</strong></span> <span class='ocrx_word' id='word_1_132' title='bbox 760 1379 864 1416; x_wconf 84' lang='lat' dir='ltr'><strong>enim</strong></span> <span class='ocrx_word' id='word_1_133' title='bbox 900 1378 1159 1415; x_wconf 88' lang='lat' dir='ltr'><strong>minutionem</strong></span> <span class='ocrx_word' id='word_1_134' title='bbox 1193 1369 1324 1422; x_wconf 85' lang='lat' dir='ltr'><strong>habet,</strong></span> <span class='ocrx_word' id='word_1_135' title='bbox 1360 1390 1442 1415; x_wconf 91' lang='lat' dir='ltr'><strong>non</strong></span> <span class='ocrx_word' id='word_1_136' title='bbox 1474 1376 1772 1426; x_wconf 84' lang='lat' dir='ltr'><strong>negationem.‘⁴</strong></span> 
     </span>
    </p>

    <p class='ocr_par' dir='ltr' id='par_1_5' title="bbox 330 1456 1897 1658">
     <span class='ocr_line' id='line_1_17' title="bbox 474 1456 1893 1514; baseline -0.004 -13"><span class='ocrx_word' id='word_1_137' title='bbox 474 1466 594 1501; x_wconf 90' lang='lat' dir='ltr'><strong>Porro</strong></span> <span class='ocrx_word' id='word_1_138' title='bbox 619 1466 650 1500; x_wconf 63' lang='lat' dir='ltr'>A</span> <span class='ocrx_word' id='word_1_139' title='bbox 676 1477 709 1507; x_wconf 84' lang='lat'><strong>2,</strong></span> <span class='ocrx_word' id='word_1_140' title='bbox 739 1464 814 1511; x_wconf 68' lang='lat'><strong>196</strong></span> <span class='ocrx_word' id='word_1_141' title='bbox 840 1462 1026 1511; x_wconf 82' lang='lat' dir='ltr'><strong>legimus:</strong></span> <span class='ocrx_word' id='word_1_142' title='bbox 1055 1456 1243 1514; x_wconf 42' lang='lat' dir='ltr'><strong>‚Coactis&#39;l</strong></span> <span class='ocrx_word' id='word_1_143' title='bbox 1269 1461 1381 1498; x_wconf 75' lang='lat' dir='ltr'><strong>idest</strong></span> <span class='ocrx_word' id='word_1_144' title='bbox 1400 1462 1581 1510; x_wconf 72' lang='lat' dir='ltr'><strong>expressis</strong></span> <span class='ocrx_word' id='word_1_145' title='bbox 1602 1468 1643 1498; x_wconf 90' lang='lat' dir='ltr'><strong>ut</strong></span> <span class='ocrx_word' id='word_1_146' title='bbox 1665 1458 1893 1497; x_wconf 84' lang='lat' dir='ltr'><strong>Terentius:</strong></span> 
     </span>
     <span class='ocr_line' id='line_1_18' title="bbox 330 1521 1897 1582; baseline -0.005 -7"><span class='ocrx_word' id='word_1_147' title='bbox 330 1551 407 1575; x_wconf 86' lang='lat' dir='ltr'><strong>una</strong></span> <span class='ocrx_word' id='word_1_148' title='bbox 446 1521 669 1574; x_wconf 81' lang='lat' dir='ltr'><strong>mehercule</strong></span> <span class='ocrx_word' id='word_1_149' title='bbox 713 1535 809 1572; x_wconf 80' lang='lat' dir='ltr'><strong>falsa</strong></span> <span class='ocrx_word' id='word_1_150' title='bbox 853 1534 1060 1572; x_wconf 86' lang='lat' dir='ltr'><strong>lacrimola</strong></span> <span class='ocrx_word' id='word_1_151' title='bbox 1101 1546 1222 1582; x_wconf 82' lang='lat' dir='ltr'><strong>quam</strong></span> <span class='ocrx_word' id='word_1_152' title='bbox 1265 1534 1403 1570; x_wconf 81' lang='lat' dir='ltr'><strong>oculos</strong></span> <span class='ocrx_word' id='word_1_153' title='bbox 1442 1532 1609 1571; x_wconf 91' lang='lat' dir='ltr'><strong>terendo</strong></span> <span class='ocrx_word' id='word_1_154' title='bbox 1644 1531 1785 1569; x_wconf 86' lang='lat' dir='ltr'><strong>misere</strong></span> <span class='ocrx_word' id='word_1_155' title='bbox 1832 1529 1897 1567; x_wconf 88' lang='lat' dir='ltr'><strong>vix</strong></span> 
     </span>
     <span class='ocr_line' id='line_1_19' title="bbox 331 1607 661 1658; baseline -0.006 -12"><span class='ocrx_word' id='word_1_156' title='bbox 331 1610 367 1647; x_wconf 80' lang='lat' dir='ltr'><strong>vi</strong></span> <span class='ocrx_word' id='word_1_157' title='bbox 400 1607 661 1658; x_wconf 86' lang='lat' dir='ltr'><strong>expresserit.‘</strong></span> 
     </span>
    </p>

    <p class='ocr_par' dir='ltr' id='par_1_6' title="bbox 333 1685 1899 2027">
     <span class='ocr_line' id='line_1_20' title="bbox 475 1685 1898 1740; baseline -0.004 -12"><span class='ocrx_word' id='word_1_158' title='bbox 475 1692 568 1740; x_wconf 84' lang='lat' dir='ltr'><strong>Qua</strong></span> <span class='ocrx_word' id='word_1_159' title='bbox 618 1690 876 1728; x_wconf 80' lang='lat' dir='ltr'><strong>adnotatione</strong></span> <span class='ocrx_word' id='word_1_160' title='bbox 931 1689 1086 1739; x_wconf 90' lang='lat' dir='ltr'><strong>plenior</strong></span> <span class='ocrx_word' id='word_1_161' title='bbox 1134 1688 1289 1727; x_wconf 83' lang='lat' dir='ltr'><strong>Servius</strong></span> <span class='ocrx_word' id='word_1_162' title='bbox 1339 1688 1503 1726; x_wconf 83' lang='lat' dir='ltr'><strong>verbum</strong></span> <span class='ocrx_word' id='word_1_163' title='bbox 1551 1687 1726 1734; x_wconf 89' lang='lat' dir='ltr'><strong>,coactis‘</strong></span> <span class='ocrx_word' id='word_1_164' title='bbox 1775 1685 1898 1723; x_wconf 92' lang='lat' dir='ltr'><strong>verbo</strong></span> 
     </span>
     <span class='ocr_line' id='line_1_21' title="bbox 334 1744 1899 1814; baseline -0.005 -12"><span class='ocrx_word' id='word_1_165' title='bbox 334 1764 552 1814; x_wconf 77' lang='lat' dir='ltr'><strong>‚expressis‘</strong></span> <span class='ocrx_word' id='word_1_166' title='bbox 602 1762 813 1811; x_wconf 76' lang='lat' dir='ltr'><strong>explicavit</strong></span> <span class='ocrx_word' id='word_1_167' title='bbox 860 1769 979 1810; x_wconf 85' lang='lat' dir='ltr'><strong>atque</strong></span> <span class='ocrx_word' id='word_1_168' title='bbox 1025 1769 1065 1799; x_wconf 90' lang='lat' dir='ltr'><strong>ut</strong></span> <span class='ocrx_word' id='word_1_169' title='bbox 1104 1762 1394 1799; x_wconf 85' lang='lat' dir='ltr'><strong>demonstraret</strong></span> <span class='ocrx_word' id='word_1_170' title='bbox 1429 1744 1675 1810; x_wconf 84' lang='lat' dir='ltr'><strong>,exprimere‘</strong></span> <span class='ocrx_word' id='word_1_171' title='bbox 1720 1757 1899 1807; x_wconf 84' lang='lat' dir='ltr'><strong>usurpari</strong></span> 
     </span>
     <span class='ocr_line' id='line_1_22' title="bbox 333 1831 1898 1880; baseline -0.004 -6"><span class='ocrx_word' id='word_1_172' title='bbox 333 1838 382 1875; x_wconf 86' lang='lat' dir='ltr'><strong>de</strong></span> <span class='ocrx_word' id='word_1_173' title='bbox 415 1835 597 1880; x_wconf 78' lang='lat' dir='ltr'><strong>lacrimis,</strong></span> <span class='ocrx_word' id='word_1_174' title='bbox 635 1834 810 1872; x_wconf 87' lang='lat' dir='ltr'><strong>Terentii</strong></span> <span class='ocrx_word' id='word_1_175' title='bbox 846 1846 978 1871; x_wconf 80' lang='lat' dir='ltr'><strong>versus</strong></span> <span class='ocrx_word' id='word_1_176' title='bbox 1020 1833 1187 1871; x_wconf 82' lang='lat' dir='ltr'><strong>addidit.</strong></span> <span class='ocrx_word' id='word_1_177' title='bbox 1253 1832 1413 1870; x_wconf 86' lang='lat' dir='ltr'><strong>Brevior</strong></span> <span class='ocrx_word' id='word_1_178' title='bbox 1454 1840 1583 1870; x_wconf 87' lang='lat' dir='ltr'><strong>autem</strong></span> <span class='ocrx_word' id='word_1_179' title='bbox 1619 1831 1776 1869; x_wconf 84' lang='lat' dir='ltr'><strong>Servius</strong></span> <span class='ocrx_word' id='word_1_180' title='bbox 1808 1843 1898 1869; x_wconf 88' lang='lat' dir='ltr'><strong>cum</strong></span> 
     </span>
     <span class='ocr_line' id='line_1_23' title="bbox 333 1903 1899 1957; baseline -0.003 -12"><span class='ocrx_word' id='word_1_181' title='bbox 333 1909 419 1957; x_wconf 82' lang='lat' dir='ltr'><strong>ipsa</strong></span> <span class='ocrx_word' id='word_1_182' title='bbox 451 1907 715 1957; x_wconf 81' lang='lat' dir='ltr'><strong>explicatione</strong></span> <span class='ocrx_word' id='word_1_183' title='bbox 748 1906 895 1943; x_wconf 83' lang='lat' dir='ltr'><strong>omissa</strong></span> <span class='ocrx_word' id='word_1_184' title='bbox 927 1905 1104 1943; x_wconf 90' lang='lat' dir='ltr'><strong>Terentii</strong></span> <span class='ocrx_word' id='word_1_185' title='bbox 1137 1911 1289 1942; x_wconf 86' lang='lat' dir='ltr'><strong>tantum</strong></span> <span class='ocrx_word' id='word_1_186' title='bbox 1322 1905 1442 1943; x_wconf 89' lang='lat' dir='ltr'><strong>verba</strong></span> <span class='ocrx_word' id='word_1_187' title='bbox 1475 1903 1738 1948; x_wconf 82' lang='lat' dir='ltr'><strong>adnotaverit,</strong></span> <span class='ocrx_word' id='word_1_188' title='bbox 1780 1915 1899 1941; x_wconf 88' lang='lat' dir='ltr'><strong>nemo</strong></span> 
     </span>
     <span class='ocr_line' id='line_1_24' title="bbox 335 1975 1526 2027; baseline -0.003 -10"><span class='ocrx_word' id='word_1_189' title='bbox 335 1987 509 2018; x_wconf 85' lang='lat' dir='ltr'><strong>nostrum</strong></span> <span class='ocrx_word' id='word_1_190' title='bbox 543 1978 734 2027; x_wconf 78' lang='lat' dir='ltr'><strong>intellegit</strong></span> <span class='ocrx_word' id='word_1_191' title='bbox 767 1990 847 2027; x_wconf 84' lang='lat' dir='ltr'><strong>quo</strong></span> <span class='ocrx_word' id='word_1_192' title='bbox 881 1977 1165 2015; x_wconf 85' lang='lat' dir='ltr'><strong>Terentianum</strong></span> <span class='ocrx_word' id='word_1_193' title='bbox 1199 1976 1295 2014; x_wconf 89' lang='lat' dir='ltr'><strong>illud</strong></span> <span class='ocrx_word' id='word_1_194' title='bbox 1330 1975 1526 2025; x_wconf 85' lang='lat' dir='ltr'><strong>respiciat.</strong></span> 
     </span>
    </p>
   </div>
   <div class='ocr_carea' id='block_1_5' title="bbox 314 2059 1902 2547">
    <p class='ocr_par' dir='ltr' id='par_1_7' title="bbox 314 2059 1902 2547">
     <span class='ocr_line' id='line_1_25' title="bbox 477 2059 1897 2111; baseline -0.002 -11"><span class='ocrx_word' id='word_1_195' title='bbox 477 2062 635 2100; x_wconf 85' lang='lat' dir='ltr'><strong>Deinde</strong></span> <span class='ocrx_word' id='word_1_196' title='bbox 669 2062 783 2100; x_wconf 78' lang='lat' dir='ltr'><strong>velim</strong></span> <span class='ocrx_word' id='word_1_197' title='bbox 828 2074 1036 2111; x_wconf 88' lang='lat' dir='ltr'><strong>compares</strong></span> <span class='ocrx_word' id='word_1_198' title='bbox 1083 2060 1272 2099; x_wconf 89' lang='lat' dir='ltr'><strong>brevioris</strong></span> <span class='ocrx_word' id='word_1_199' title='bbox 1313 2059 1437 2097; x_wconf 79' lang='lat' dir='ltr'><strong>Servii</strong></span> <span class='ocrx_word' id='word_1_200' title='bbox 1482 2060 1603 2098; x_wconf 85' lang='lat' dir='ltr'><strong>verba</strong></span> <span class='ocrx_word' id='word_1_201' title='bbox 1645 2060 1679 2096; x_wconf 90' lang='lat' dir='ltr'><strong>A</strong></span> <span class='ocrx_word' id='word_1_202' title='bbox 1715 2069 1752 2109; x_wconf 84' lang='lat'><strong>5,</strong></span> <span class='ocrx_word' id='word_1_203' title='bbox 1791 2059 1897 2097; x_wconf 86' lang='lat'>288:</span> 
     </span>
     <span class='ocr_line' id='line_1_26' title="bbox 338 2130 1900 2186; baseline -0.003 -13"><span class='ocrx_word' id='word_1_204' title='bbox 338 2135 564 2183; x_wconf 82' lang='lat' dir='ltr'><strong>,Mediaque</strong></span> <span class='ocrx_word' id='word_1_205' title='bbox 611 2134 649 2170; x_wconf 90' lang='lat' dir='ltr'><strong>in</strong></span> <span class='ocrx_word' id='word_1_206' title='bbox 683 2134 783 2171; x_wconf 78' lang='lat' dir='ltr'><strong>valle</strong></span> <span class='ocrx_word' id='word_1_207' title='bbox 828 2130 981 2186; x_wconf 77' lang='lat' dir='ltr'><strong>theatri]</strong></span> <span class='ocrx_word' id='word_1_208' title='bbox 1017 2133 1150 2171; x_wconf 89' lang='lat' dir='ltr'><strong>media</strong></span> <span class='ocrx_word' id='word_1_209' title='bbox 1184 2132 1223 2169; x_wconf 91' lang='lat' dir='ltr'><strong>in</strong></span> <span class='ocrx_word' id='word_1_210' title='bbox 1256 2132 1360 2169; x_wconf 91' lang='lat' dir='ltr'><strong>valle</strong></span> <span class='ocrx_word' id='word_1_211' title='bbox 1393 2138 1476 2169; x_wconf 88' lang='lat' dir='ltr'><strong>erat</strong></span> <span class='ocrx_word' id='word_1_212' title='bbox 1508 2131 1636 2168; x_wconf 87' lang='lat' dir='ltr'><strong>circus</strong></span> <span class='ocrx_word' id='word_1_213' title='bbox 1669 2131 1823 2176; x_wconf 87' lang='lat' dir='ltr'><strong>theatri,</strong></span> <span class='ocrx_word' id='word_1_214' title='bbox 1859 2130 1900 2168; x_wconf 91' lang='lat' dir='ltr'><strong>id</strong></span> 
     </span>
     <span class='ocr_line' id='line_1_27' title="bbox 337 2202 1901 2255; baseline -0.003 -11"><span class='ocrx_word' id='word_1_215' title='bbox 337 2214 394 2245; x_wconf 87' lang='lat' dir='ltr'><strong>est</strong></span> <span class='ocrx_word' id='word_1_216' title='bbox 426 2206 594 2255; x_wconf 86' lang='lat' dir='ltr'><strong>spatium</strong></span> <span class='ocrx_word' id='word_1_217' title='bbox 634 2205 861 2254; x_wconf 78' lang='lat' dir='ltr'><strong>spectaculi.</strong></span> <span class='ocrx_word' id='word_1_218' title='bbox 928 2206 977 2242; x_wconf 90' lang='lat' dir='ltr'><strong>Et</strong></span> <span class='ocrx_word' id='word_1_219' title='bbox 1011 2204 1177 2249; x_wconf 85' lang='lat' dir='ltr'><strong>,theatri‘</strong></span> <span class='ocrx_word' id='word_1_220' title='bbox 1213 2204 1368 2242; x_wconf 88' lang='lat' dir='ltr'><strong>Graece</strong></span> <span class='ocrx_word' id='word_1_221' title='bbox 1401 2202 1519 2242; x_wconf 84' lang='lat' dir='ltr'><strong>dixit:</strong></span> <span class='ocrx_word' id='word_1_222' title='bbox 1569 2215 1650 2240; x_wconf 91' lang='lat' dir='ltr'><strong>non</strong></span> <span class='ocrx_word' id='word_1_223' title='bbox 1693 2202 1798 2240; x_wconf 92' lang='lat' dir='ltr'><strong>enim</strong></span> <span class='ocrx_word' id='word_1_224' title='bbox 1843 2208 1901 2240; x_wconf 89' lang='lat' dir='ltr'><strong>est</strong></span> 
     </span>
     <span class='ocr_line' id='line_1_28' title="bbox 314 2273 1901 2327; baseline -0.001 -15"><span class='ocrx_word' id='word_1_225' title='bbox 314 2278 546 2327; x_wconf 73' lang='lat' dir='ltr'><strong>‚speciale‘t</strong></span> <span class='ocrx_word' id='word_1_226' title='bbox 583 2289 748 2325; x_wconf 78' lang='lat' dir='ltr'><strong>quorum</strong></span> <span class='ocrx_word' id='word_1_227' title='bbox 782 2289 940 2314; x_wconf 87' lang='lat' dir='ltr'><strong>sensum</strong></span> <span class='ocrx_word' id='word_1_228' title='bbox 973 2289 1066 2314; x_wconf 89' lang='lat' dir='ltr'><strong>num</strong></span> <span class='ocrx_word' id='word_1_229' title='bbox 1100 2275 1332 2325; x_wconf 88' lang='lat' dir='ltr'><strong>perspicias,</strong></span> <span class='ocrx_word' id='word_1_230' title='bbox 1368 2275 1485 2312; x_wconf 89' lang='lat' dir='ltr'><strong>valde</strong></span> <span class='ocrx_word' id='word_1_231' title='bbox 1506 2273 1664 2322; x_wconf 89' lang='lat' dir='ltr'><strong>dubito,</strong></span> <span class='ocrx_word' id='word_1_232' title='bbox 1698 2286 1788 2311; x_wconf 90' lang='lat' dir='ltr'><strong>cum</strong></span> <span class='ocrx_word' id='word_1_233' title='bbox 1821 2273 1901 2322; x_wconf 92' lang='lat' dir='ltr'><strong>ple-</strong></span> 
     </span>
     <span class='ocr_line' id='line_1_29' title="bbox 339 2345 1902 2396; baseline -0.003 -10"><span class='ocrx_word' id='word_1_234' title='bbox 339 2350 459 2387; x_wconf 89' lang='lat' dir='ltr'><strong>nioris</strong></span> <span class='ocrx_word' id='word_1_235' title='bbox 502 2348 625 2386; x_wconf 81' lang='lat' dir='ltr'><strong>Servii</strong></span> <span class='ocrx_word' id='word_1_236' title='bbox 659 2348 788 2386; x_wconf 88' lang='lat' dir='ltr'><strong>verbis</strong></span> <span class='ocrx_word' id='word_1_237' title='bbox 822 2349 994 2387; x_wconf 82' lang='lat' dir='ltr'><strong>ibidem:</strong></span> <span class='ocrx_word' id='word_1_238' title='bbox 1033 2348 1263 2396; x_wconf 88' lang='lat' dir='ltr'><strong>,Mediaque</strong></span> <span class='ocrx_word' id='word_1_239' title='bbox 1295 2347 1423 2385; x_wconf 87' lang='lat' dir='ltr'><strong>in...</strong></span> <span class='ocrx_word' id='word_1_240' title='bbox 1458 2347 1507 2384; x_wconf 88' lang='lat' dir='ltr'><strong>Et</strong></span> <span class='ocrx_word' id='word_1_241' title='bbox 1541 2345 1709 2392; x_wconf 84' lang='lat' dir='ltr'><strong>,theatri⁴</strong></span> <span class='ocrx_word' id='word_1_242' title='bbox 1746 2345 1902 2384; x_wconf 85' lang='lat' dir='ltr'><strong>Graece</strong></span> 
     </span>
     <span class='ocr_line' id='line_1_30' title="bbox 338 2418 1900 2469; baseline -0.003 -11"><span class='ocrx_word' id='word_1_243' title='bbox 338 2421 435 2459; x_wconf 81' lang='lat' dir='ltr'><strong>dixit</strong></span> <span class='ocrx_word' id='word_1_244' title='bbox 468 2434 490 2458; x_wconf 86' lang='lat' dir='ltr'><strong>a</strong></span> <span class='ocrx_word' id='word_1_245' title='bbox 523 2421 890 2469; x_wconf 82' lang='lat' dir='ltr'><strong>circumspectione.</strong></span> <span class='ocrx_word' id='word_1_246' title='bbox 958 2422 1090 2458; x_wconf 89' lang='lat' dir='ltr'><strong>Omne</strong></span> <span class='ocrx_word' id='word_1_247' title='bbox 1143 2420 1413 2469; x_wconf 85' lang='lat' dir='ltr'><strong>spectaculum</strong></span> <span class='ocrx_word' id='word_1_248' title='bbox 1461 2418 1656 2456; x_wconf 89' lang='lat' dir='ltr'><strong>theatrum</strong></span> <span class='ocrx_word' id='word_1_249' title='bbox 1690 2428 1900 2466; x_wconf 89' lang='lat' dir='ltr'><strong>possumus</strong></span> 
     </span>
     <span class='ocr_line' id='line_1_31' title="bbox 340 2485 1902 2547; baseline -0.003 -17"><span class='ocrx_word' id='word_1_250' title='bbox 340 2493 473 2530; x_wconf 87' lang='lat' dir='ltr'><strong>dicere</strong></span> <span class='ocrx_word' id='word_1_251' title='bbox 508 2485 598 2533; x_wconf 79' lang='grc' dir='ltr'><strong>ιῖπό</strong></span> <span class='ocrx_word' id='word_1_252' title='bbox 632 2492 705 2546; x_wconf 78' lang='grc' dir='ltr'><strong>τῆς</strong></span> <span class='ocrx_word' id='word_1_253' title='bbox 739 2496 949 2547; x_wconf 59' lang='grc' dir='ltr'><strong>θεωρίαςς</strong></span> <span class='ocrx_word' id='word_1_254' title='bbox 982 2505 1063 2529; x_wconf 89' lang='lat' dir='ltr'><strong>non</strong></span> <span class='ocrx_word' id='word_1_255' title='bbox 1088 2492 1193 2530; x_wconf 89' lang='lat' dir='ltr'><strong>enim</strong></span> <span class='ocrx_word' id='word_1_256' title='bbox 1221 2498 1277 2528; x_wconf 88' lang='lat' dir='ltr'><strong>est</strong></span> <span class='ocrx_word' id='word_1_257' title='bbox 1311 2491 1485 2540; x_wconf 87' lang='lat' dir='ltr'><strong>speciale</strong></span> <span class='ocrx_word' id='word_1_258' title='bbox 1517 2493 1702 2527; x_wconf 88' lang='lat' dir='ltr'><strong>nomen‘:</strong></span> <span class='ocrx_word' id='word_1_259' title='bbox 1738 2495 1845 2538; x_wconf 88' lang='lat' dir='ltr'><strong>patet</strong></span> <span class='ocrx_word' id='word_1_260' title='bbox 1879 2500 1902 2525; x_wconf 90' lang='lat' dir='ltr'><strong>a</strong></span> 
     </span>
    </p>
   </div>
   <div class='ocr_carea' id='block_1_6' title="bbox 341 2561 1902 2684">
    <p class='ocr_par' dir='ltr' id='par_1_8' title="bbox 341 2561 1902 2684">
     <span class='ocr_line' id='line_1_32' title="bbox 341 2561 1902 2614; baseline -0.002 -14"><span class='ocrx_word' id='word_1_261' title='bbox 341 2564 518 2614; x_wconf 83' lang='lat' dir='ltr'><strong>pleniore</strong></span> <span class='ocrx_word' id='word_1_262' title='bbox 561 2564 696 2601; x_wconf 79' lang='lat' dir='ltr'><strong>Servio</strong></span> <span class='ocrx_word' id='word_1_263' title='bbox 747 2564 823 2600; x_wconf 86' lang='lat' dir='ltr'><strong>hoc</strong></span> <span class='ocrx_word' id='word_1_264' title='bbox 868 2564 1062 2614; x_wconf 83' lang='lat' dir='ltr'><strong>integrum</strong></span> <span class='ocrx_word' id='word_1_265' title='bbox 1106 2570 1302 2601; x_wconf 86' lang='lat' dir='ltr'><strong>servatum</strong></span> <span class='ocrx_word' id='word_1_266' title='bbox 1342 2575 1440 2608; x_wconf 89' lang='lat' dir='ltr'><strong>esse,</strong></span> <span class='ocrx_word' id='word_1_267' title='bbox 1482 2575 1506 2600; x_wconf 87' lang='lat' dir='ltr'><strong>a</strong></span> <span class='ocrx_word' id='word_1_268' title='bbox 1546 2561 1728 2599; x_wconf 87' lang='lat' dir='ltr'><strong>breviore</strong></span> <span class='ocrx_word' id='word_1_269' title='bbox 1771 2566 1902 2598; x_wconf 88' lang='lat' dir='ltr'><strong>autem</strong></span> 
     </span>
     <span class='ocr_line' id='line_1_33' title="bbox 342 2636 887 2684; baseline -0.002 -11"><span class='ocrx_word' id='word_1_270' title='bbox 342 2636 597 2684; x_wconf 82' lang='lat' dir='ltr'><strong>neglegenter</strong></span> <span class='ocrx_word' id='word_1_271' title='bbox 628 2642 887 2673; x_wconf 87' lang='lat' dir='ltr'><strong>contractum.</strong></span> 
     </span>
    </p>
   </div>
   <div class='ocr_carea' id='block_1_7' title="bbox 345 2844 1904 2948">
    <p class='ocr_par' dir='ltr' id='par_1_9' title="bbox 345 2844 1904 2948">
     <span class='ocr_line' id='line_1_34' title="bbox 486 2844 1902 2890; baseline -0.002 -12"><span class='ocrx_word' id='word_1_272' title='bbox 486 2844 531 2890; x_wconf 69' lang='lat'><strong>4⁷)</strong></span> <span class='ocrx_word' id='word_1_273' title='bbox 558 2847 635 2878; x_wconf 88' lang='lat' dir='ltr'><strong>Non</strong></span> <span class='ocrx_word' id='word_1_274' title='bbox 663 2846 853 2887; x_wconf 83' lang='lat' dir='ltr'><strong>ignoramus</strong></span> <span class='ocrx_word' id='word_1_275' title='bbox 879 2847 978 2879; x_wconf 85' lang='lat' dir='ltr'><strong>etiam</strong></span> <span class='ocrx_word' id='word_1_276' title='bbox 996 2846 1182 2888; x_wconf 63' lang='lat' dir='ltr'><strong>Platonem¹</strong></span> <span class='ocrx_word' id='word_1_277' title='bbox 1206 2846 1387 2878; x_wconf 80' lang='lat' dir='ltr'><strong>Varronem</strong></span> <span class='ocrx_word' id='word_1_278' title='bbox 1417 2844 1473 2886; x_wconf 85' lang='lat' dir='ltr'><strong>(cf.</strong></span> <span class='ocrx_word' id='word_1_279' title='bbox 1500 2844 1644 2876; x_wconf 80' lang='lat' dir='ltr'><strong>Hermes</strong></span> <span class='ocrx_word' id='word_1_280' title='bbox 1663 2852 1719 2888; x_wconf 76' lang='lat'><strong>22,</strong></span> <span class='ocrx_word' id='word_1_281' title='bbox 1748 2854 1824 2886; x_wconf 83' lang='lat' dir='ltr'><strong>pag,</strong></span> <span class='ocrx_word' id='word_1_282' title='bbox 1845 2844 1902 2885; x_wconf 88' lang='lat'><strong>29)</strong></span> 
     </span>
     <span class='ocr_line' id='line_1_35' title="bbox 345 2903 1904 2948; baseline -0.003 -10"><span class='ocrx_word' id='word_1_283' title='bbox 345 2906 396 2938; x_wconf 75' lang='lat' dir='ltr'><strong>liis</strong></span> <span class='ocrx_word' id='word_1_284' title='bbox 425 2907 612 2948; x_wconf 82' lang='lat' dir='ltr'><strong>veriloquiis</strong></span> <span class='ocrx_word' id='word_1_285' title='bbox 639 2917 771 2947; x_wconf 80' lang='lat' dir='ltr'><strong>operam</strong></span> <span class='ocrx_word' id='word_1_286' title='bbox 800 2907 945 2938; x_wconf 75' lang='lat' dir='ltr'><strong>dedisse.</strong></span> <span class='ocrx_word' id='word_1_287' title='bbox 988 2907 1187 2948; x_wconf 85' lang='lat' dir='ltr'><strong>Cynicorum</strong></span> <span class='ocrx_word' id='word_1_288' title='bbox 1218 2916 1341 2937; x_wconf 88' lang='lat' dir='ltr'><strong>morem</strong></span> <span class='ocrx_word' id='word_1_289' title='bbox 1369 2905 1477 2936; x_wconf 87' lang='lat' dir='ltr'><strong>illudit</strong></span> <span class='ocrx_word' id='word_1_290' title='bbox 1504 2905 1599 2936; x_wconf 86' lang='lat' dir='ltr'><strong>Plato</strong></span> <span class='ocrx_word' id='word_1_291' title='bbox 1625 2904 1657 2935; x_wconf 88' lang='lat' dir='ltr'><strong>in</strong></span> <span class='ocrx_word' id='word_1_292' title='bbox 1685 2904 1785 2945; x_wconf 86' lang='lat' dir='ltr'><strong>Craty</strong></span> <span class='ocrx_word' id='word_1_293' title='bbox 1813 2916 1831 2941; x_wconf 82' lang='lat'><strong>›‚</strong></span> <span class='ocrx_word' id='word_1_294' title='bbox 1861 2903 1904 2934; x_wconf 85' lang='lat' dir='ltr'><strong>de</strong></span> 
     </span>
    </p>
   </div>
   <div class='ocr_carea' id='block_1_8' title="bbox 347 2964 1904 3067">
    <p class='ocr_par' dir='ltr' id='par_1_10' title="bbox 347 2964 1904 3067">
     <span class='ocr_line' id='line_1_36' title="bbox 347 2964 1904 3008; baseline -0.002 -11"><span class='ocrx_word' id='word_1_295' title='bbox 347 2966 458 2998; x_wconf 82' lang='lat' dir='ltr'><strong>stoicis</strong></span> <span class='ocrx_word' id='word_1_296' title='bbox 499 2966 542 2998; x_wconf 81' lang='lat' dir='ltr'><strong>cs.</strong></span> <span class='ocrx_word' id='word_1_297' title='bbox 572 2966 643 2998; x_wconf 76' lang='lat' dir='ltr'><strong>Cic.</strong></span> <span class='ocrx_word' id='word_1_298' title='bbox 675 2967 715 2997; x_wconf 82' lang='lat' dir='ltr'><strong>de</strong></span> <span class='ocrx_word' id='word_1_299' title='bbox 753 2974 806 2997; x_wconf 79' lang='lat' dir='ltr'><strong>nat</strong></span> <span class='ocrx_word' id='word_1_300' title='bbox 849 2967 941 3000; x_wconf 80' lang='lat' dir='ltr'><strong>deor,</strong></span> <span class='ocrx_word' id='word_1_301' title='bbox 993 2966 1158 3008; x_wconf 84' lang='lat' dir='ltr'><strong>Imprimis</strong></span> <span class='ocrx_word' id='word_1_302' title='bbox 1193 2971 1300 2998; x_wconf 87' lang='lat' dir='ltr'><strong>autem</strong></span> <span class='ocrx_word' id='word_1_303' title='bbox 1342 2965 1487 2996; x_wconf 83' lang='lat' dir='ltr'><strong>Isidorus</strong></span> <span class='ocrx_word' id='word_1_304' title='bbox 1525 2964 1717 2997; x_wconf 79' lang='lat' dir='ltr'><strong>stultissima</strong></span> <span class='ocrx_word' id='word_1_305' title='bbox 1755 2974 1798 3006; x_wconf 90' lang='lat' dir='ltr'><strong>qu</strong></span> <span class='ocrx_word' id='word_1_306' title='bbox 1865 2974 1904 2994; x_wconf 87' lang='lat' dir='ltr'><strong>ue</strong></span> 
     </span>
     <span class='ocr_line' id='line_1_37' title="bbox 348 3025 884 3067; baseline 0.004 -11"><span class='ocrx_word' id='word_1_307' title='bbox 348 3025 438 3057; x_wconf 77' lang='lat' dir='ltr'><strong>fecit:</strong></span> <span class='ocrx_word' id='word_1_308' title='bbox 471 3025 513 3057; x_wconf 86' lang='lat' dir='ltr'><strong>ef.</strong></span> <span class='ocrx_word' id='word_1_309' title='bbox 542 3025 666 3057; x_wconf 85' lang='lat' dir='ltr'><strong>Thom.</strong></span> <span class='ocrx_word' id='word_1_310' title='bbox 696 3036 774 3067; x_wconf 79' lang='lat' dir='ltr'><strong>pag.</strong></span> <span class='ocrx_word' id='word_1_311' title='bbox 805 3034 884 3058; x_wconf 83' lang='lat'>222.</span> 
     </span>
    </p>
   </div>
  </div>
 </body>
</html>
