2023 3543
969 239 1265 275 ...24-

484 364 664 406 Perclare
696 363 874 402 videmus
905 361 983 398 hoc
1030 359 1121 396 loco
1164 355 1383 395 breviorem
1419 351 1596 391 Servium
1638 356 1791 400 partem
1822 354 1904 387 tan-

345 444 427 480 tum
462 438 578 476 fontis
612 434 875 485 exscripsisse.
911 431 1012 470 Satis
1036 430 1142 468 enim
1167 429 1334 467 obscure
1357 424 1665 475 explicatipnem
1688 422 1738 459 de
1761 433 1906 470 genere

345 512 549 550 nominum
572 509 736 546 deorum
769 504 893 544 finivit
916 503 975 541 his
999 501 1151 540 verbis:
1188 507 1259 546 ,est
1290 498 1409 536 etiam
1434 497 1473 533 in
1497 496 1631 544 Cypro
1654 493 1904 531 simulacrum

346 583 533 621 barbatae
582 578 773 622 Veneris,‘
824 588 927 625 quae
974 580 1015 611 ut
1060 573 1333 621 intellegamus
1386 567 1618 614 ,additicia‘,
1662 572 1702 603 ut
1744 564 1906 602 Thiloni

349 655 492 704 placet,
527 651 648 689 verba
680 649 933 687 consulamus
966 651 1133 694 oportet.
1199 641 1356 680 Deinde
1390 638 1621 678 Macrobius
1662 650 1735 675 nos
1775 637 1907 682 docet,

347 727 450 763 hanc
484 723 671 762 barbatae
703 718 871 759 Veneris
904 715 1171 755 narrationem
1205 727 1228 752 a
1260 712 1441 751 breviore
1468 711 1738 759 interruptam,
1773 721 1796 746 a
1828 708 1908 758 ple—

348 797 459 835 niore
492 803 613 833 totam
647 791 828 831 traditam
863 802 962 828 esse.

491 877 665 916 Transiit
709 875 829 914 Thilo
890 873 940 912 ad
985 871 1376 918 ,additamentorum‘
1421 880 1570 918 genus,
1627 866 1738 904 cuius
1796 864 1912 915 plura.

351 951 532 1001 exempla
564 948 732 999 amplius
765 945 994 996 explanavit
1025 957 1115 994 pag.
1152 943 1206 980 VI
1238 955 1325 991 sqq.

493 1046 664 1084 Primum
698 1043 873 1094 disputat
905 1042 955 1080 de
989 1042 1023 1078 A
1055 1054 1089 1086 1,
1125 1050 1201 1089 52:

493 1143 689 1189 ‚Aeoliam
722 1138 840 1191 venit]
877 1151 1020 1177 novem
1054 1136 1220 1181 insulae,
1255 1148 1359 1184 quae
1400 1140 1489 1171 sunt
1521 1139 1610 1182 post
1644 1132 1782 1170 fretum
1817 1129 1912 1168 Sici-

353 1216 443 1261 liae,
490 1215 739 1264 appellantur
771 1211 937 1249 Aeoliae
981 1210 1031 1247 ab
1066 1208 1194 1246 Aeolo
1238 1220 1343 1256 rege,
1390 1202 1619 1255 ²³<Hippotae
1658 1200 1778 1247 filio*,
1817 1201 1914 1240 licet

353 1287 525 1325 habeant
557 1292 593 1324 et
641 1284 799 1334 propria
832 1282 1006 1319 nomina.
1074 1280 1193 1318 Unde
1227 1287 1263 1318 et
1300 1278 1499 1327 Vergilius
1533 1276 1587 1315 ait
1619 1275 1818 1321 ‚Aeoliam
1850 1274 1913 1312 Li-

355 1364 505 1409 paren‘.
573 1359 715 1394 Poetae
749 1351 908 1404 quidem
944 1355 1097 1403 fingunt
1129 1353 1233 1389 hunc
1266 1364 1397 1400 regem
1418 1362 1504 1387 esse
1527 1355 1747 1393 ventorum,
1773 1347 1915 1397 Hzppo-

357 1436 416 1467 lae
445 1431 520 1466 sire
553 1429 650 1471 loris
680 1428 755 1464 slve
786 1425 958 1474 [Vepmm'
973 1425 1119 1473 filium.
1190 1424 1270 1471 Qui
1298 1434 1377 1459 cum
1410 1421 1619 1458 innumere!
1653 1420 1798 1464 bellum,
1843 1431 1916 1468 quo

363 1501 586 1550 7]rrlzemzs‚
627 1498 769 1547 Lljmri
786 1497 932 1546 frater,
979 1496 1267 1544 Peloponnesum
1300 1499 1451 1531 roslare
1474 1491 1738 1542 proposuisset,
1783 1491 1917 1527 missus

355 1573 403 1610 ab
435 1572 720 1619 Agamemnone,
766 1574 809 1606 ut
825 1569 934 1617 freta
967 1572 1141 1612 lucretur,
1179 1567 1353 1616 pervenit
1381 1566 1437 1602 ad
1462 1565 1664 1613 szunwm,
1702 1563 1771 1612 (μή
1798 1567 1916 1612 supra

355 1645 468 1680 dictas
498 1642 642 1679 insulas
673 1642 820 1689 rfgc’bal
847 1640 1013 1689 imperio,
1049 1639 1235 1688 factaque
1279 1638 1444 1674 anticilt'cz
1483 1637 1654 1675 Crcmom
1675 1635 1808 1684 filiam
1840 1634 1918 1671 elus

359 1717 397 1752 in
430 1714 710 1751 matrimonium
744 1713 901 1762 sumpsit
937 1717 971 1748 et
999 1710 1245 1757 Strongulam
1290 1709 1455 1746 insulam
1489 1710 1527 1746 itt.
1560 1721 1637 1757 qua
1669 1710 1838 1744 maneret
1865 1716 1919 1743 ac-

359 1787 456 1835 crpit.
531 1786 649 1822 Isim-0
680 1789 801 1821 (tillem
833 1784 920 1820 dicit
948 1784 1046 1820 lllttzc
1074 1782 1288 1819 insularum
1312 1794 1430 1827 rqgrem
1452 1780 1578 1829 fuisse
1609 1776 1706 1817 *sed
1729 1784 1769 1816 ut
1790 1778 1919 1815 Varro

361 1858 468 1902 dicit,
512 1870 576 1894 rex
610 1856 679 1893 suit
712 1851 967 1899 insularumss,
1013 1867 1059 1892 ex
1094 1866 1256 1903 quarum
1291 1853 1447 1891 nebulis
1481 1859 1519 1890 et
1561 1852 1669 1889 fumo
1697 1849 1921 1888 Vulcaniae

363 1929 511 1965 insulae
544 1927 779 1977 praedicens
813 1927 939 1964 sutura
972 1926 1095 1963 flabra
1128 1932 1333 1963 ventorum
1365 1923 1542 1974 inperitis
1564 1923 1669 1961 visus
1692 1929 1750 1961 est
1783 1927 1921 1960 ventos

363 2012 431 2037 sua
463 2006 654 2048 potestate
686 1998 879 2036 retinere‘.

505 2083 642 2120 Verba
668 2082 726 2119 his
760 2082 864 2119 notis
909 2082 1063 2119 inclusa
1093 2076 1129 2118 ²⁸.
1149 2078 1184 2119 ‚²¹⁴
1218 2080 1350 2118 omisit
1385 2080 1541 2129 plenior
1573 2081 1629 2124 S„
1671 2078 1773 2116 falso
1806 2076 1923 2127 igitur

365 2153 483 2191 Thilo
516 2154 838 2191 commemoravit
880 2154 1116 2202 ‚Hippotam
1157 2152 1272 2190 Aeoli
1308 2159 1457 2201 patrem
1494 2165 1517 2189 a
1549 2150 1729 2201 pleniore
1761 2149 1822 2187 bis
1854 2161 1923 2186 no-

367 2225 557 2262 minatum
591 2230 702 2263 esse‘.

508 2309 632 2346 Recte
667 2316 796 2347 autem
832 2315 978 2353 monet,
1027 2321 1128 2357 quae
1161 2308 1393 2346 Cassellano
1437 2306 1655 2357 peculiaria
1696 2312 1798 2351 sunt,
1842 2316 1924 2342 non

371 2380 421 2417 ad
445 2386 649 2417 ventorum
674 2380 846 2430 regimen
872 2380 1084 2429 pertinere:
1119 2381 1188 2418 sed
1228 2381 1327 2417 falso
1350 2379 1443 2417 inde
1491 2378 1695 2417 concludit
1727 2390 1774 2416 ea
1804 2376 1927 2414 verba

370 2450 560 2488 additicia
607 2463 704 2489 esse.
769 2451 926 2489 Plenior
959 2451 1066 2490 enim,
1112 2451 1267 2489 Servius
1301 2464 1381 2489 non
1415 2452 1557 2496 solum,
1600 2450 1709 2499 quod
1741 2449 1926 2499 explana-

369 2521 421 2558 vit
454 2521 570 2558 etiam
605 2522 771 2567 brevior,
805 2522 854 2559 de
887 2522 1077 2570 regimine
1110 2530 1331 2568 ventorum,
1377 2524 1445 2561 sed
1478 2522 1595 2561 etiam
1629 2522 1680 2559 de
1713 2521 1829 2559 Aeoli
1861 2533 1926 2570 ge-

370 2605 462 2629 nere
496 2599 613 2640 atque
646 2592 798 2641 origine
831 2599 868 2630 et
902 2594 1016 2630 rebus
1051 2594 1100 2631 ab
1135 2607 1182 2631 eo
1215 2594 1335 2643 gestis
1366 2607 1494 2644 pauca
1517 2592 1701 2631 narravit.
1767 2591 1928 2630 Brevior

370 2670 497 2700 autem
531 2663 623 2700 satis
646 2664 783 2701 habuit
808 2665 858 2702 de
889 2665 1011 2702 altera
1043 2678 1097 2711 re,
1132 2665 1322 2715 regimine
1345 2673 1551 2704 ventorum
1575 2665 1779 2702 disserere.
1835 2664 1929 2711 Qua

373 2747 411 2771 re
445 2734 543 2771 inter
575 2747 616 2772 se
649 2735 844 2773 differunt.
910 2736 989 2774 Sed
1023 2749 1090 2774 cur
1122 2750 1203 2774 non
1238 2737 1366 2786 potuit
1397 2737 1463 2775 ille
1496 2736 1571 2774 sibi
1603 2748 1842 2785 proponere,
1887 2741 1928 2772 ut

373 2804 539 2853 primum
576 2806 647 2842 sub
681 2807 864 2844 lemmate
888 2807 1083 2851 ,Aeoliam
1117 2808 1237 2846 venit‘
1272 2809 1380 2857 quod
1414 2808 1464 2845 de
1487 2807 1638 2845 Aeoliis
1670 2806 1806 2844 insulis
1829 2807 1930 2844 inter

375 2888 510 2912 omnes
542 2877 750 2914 constabat
783 2878 985 2926 proferret,
1020 2878 1166 2916 deinde
1199 2879 1325 2917 varias
1359 2886 1564 2928 poetarum
1599 2879 1648 2916 de
1681 2878 1757 2916 hac
1790 2891 1830 2917 re
1864 2878 1929 2916 fic-

375 2946 500 2984 tiones
534 2955 744 2993 enarraret,
780 2956 979 2997 postremo
1013 2957 1159 2987 certam
1195 2950 1384 2988 Varronis
1418 2950 1725 3000 explicationem
1759 2950 1841 2988 eius
1875 2949 1929 2987 rei

378 3018 610 3066 praeberet?
673 3019 744 3056 Per
791 3032 831 3057 se
876 3020 990 3069 igitur
1033 3021 1131 3059 nihil
1171 3022 1303 3059 obstat
1347 3021 1558 3071 quominus
1590 3034 1611 3060 e
1643 3020 1822 3072 pleniore
1859 3033 1932 3060 sua

1997 336 2023 379 w}
