<?xml version="1.0" encoding="UTF-8"?>
<!DOCTYPE html PUBLIC "-//W3C//DTD XHTML 1.0 Transitional//EN"
    "http://www.w3.org/TR/xhtml1/DTD/xhtml1-transitional.dtd">
<html xmlns="http://www.w3.org/1999/xhtml" xml:lang="en" lang="en">
 <head>
  <title>
</title>
<meta http-equiv="Content-Type" content="text/html;charset=utf-8" />
  <meta name='ocr-system' content='tesseract 3.04.00' />
  <meta name='ocr-capabilities' content='ocr_page ocr_carea ocr_par ocr_line ocrx_word'/>
</head>
<body>
  <div class='ocr_page' id='page_1' title='image "./quaestionesservi00moeluoft_0028.png"; bbox 0 0 2023 3543; ppageno 0'>
   <div class='ocr_carea' id='block_1_1' title="bbox 1024 257 1319 281">
    <p class='ocr_par' dir='ltr' id='par_1_1' title="bbox 1024 257 1319 281">
     <span class='ocr_line' id='line_1_1' title="bbox 1024 257 1319 281; baseline -0.01 -8"><span class='ocrx_word' id='word_1_1' title='bbox 1024 267 1081 273; x_wconf 79' lang='lat'>—</span> <span class='ocrx_word' id='word_1_2' title='bbox 1148 257 1198 281; x_wconf 89' lang='lat'><strong>20</strong></span> <span class='ocrx_word' id='word_1_3' title='bbox 1262 263 1319 270; x_wconf 87' lang='grc'><strong>--</strong></span> 
     </span>
    </p>
   </div>
   <div class='ocr_carea' id='block_1_2' title="bbox 392 367 2023 2496">
    <p class='ocr_par' dir='ltr' id='par_1_2' title="bbox 392 367 2008 1071">
     <span class='ocr_line' id='line_1_2' title="bbox 530 367 2003 422; baseline -0.011 -3"><span class='ocrx_word' id='word_1_4' title='bbox 530 383 611 419; x_wconf 87' lang='lat' dir='ltr'><strong>Iam</strong></span> <span class='ocrx_word' id='word_1_5' title='bbox 644 377 819 418; x_wconf 71' lang='lat' dir='ltr'><strong>refutatis</strong></span> <span class='ocrx_word' id='word_1_6' title='bbox 852 376 1022 414; x_wconf 88' lang='lat' dir='ltr'><strong>virorum</strong></span> <span class='ocrx_word' id='word_1_7' title='bbox 1056 374 1266 413; x_wconf 89' lang='lat' dir='ltr'><strong>doctorum</strong></span> <span class='ocrx_word' id='word_1_8' title='bbox 1300 369 1542 421; x_wconf 86' lang='lat' dir='ltr'><strong>argumentis</strong></span> <span class='ocrx_word' id='word_1_9' title='bbox 1580 368 1680 407; x_wconf 87' lang='lat' dir='ltr'><strong>alios</strong></span> <span class='ocrx_word' id='word_1_10' title='bbox 1712 368 1824 406; x_wconf 90' lang='lat' dir='ltr'><strong>locos</strong></span> <span class='ocrx_word' id='word_1_11' title='bbox 1857 378 1952 405; x_wconf 90' lang='lat' dir='ltr'><strong>enu-</strong></span> <span class='ocrx_word' id='word_1_12' title='bbox 2001 367 2003 422; x_wconf 51' lang='lat' dir='ltr'>j</span> 
     </span>
     <span class='ocr_line' id='line_1_3' title="bbox 393 440 1952 500; baseline -0.011 -8"><span class='ocrx_word' id='word_1_13' title='bbox 393 454 566 497; x_wconf 87' lang='lat' dir='ltr'><strong>merabo,</strong></span> <span class='ocrx_word' id='word_1_14' title='bbox 617 451 684 500; x_wconf 83' lang='lat' dir='ltr'><strong>qui</strong></span> <span class='ocrx_word' id='word_1_15' title='bbox 719 464 742 487; x_wconf 87' lang='lat' dir='ltr'><strong>a</strong></span> <span class='ocrx_word' id='word_1_16' title='bbox 773 449 883 487; x_wconf 90' lang='lat' dir='ltr'><strong>nullo</strong></span> <span class='ocrx_word' id='word_1_17' title='bbox 932 445 1050 485; x_wconf 81' lang='lat' dir='ltr'><strong>scribi</strong></span> <span class='ocrx_word' id='word_1_18' title='bbox 1100 451 1312 495; x_wconf 86' lang='lat' dir='ltr'><strong>potuerunt</strong></span> <span class='ocrx_word' id='word_1_19' title='bbox 1358 442 1435 480; x_wconf 89' lang='lat' dir='ltr'><strong>nisi</strong></span> <span class='ocrx_word' id='word_1_20' title='bbox 1484 442 1535 479; x_wconf 84' lang='lat' dir='ltr'><strong>ab</strong></span> <span class='ocrx_word' id='word_1_21' title='bbox 1570 440 1734 478; x_wconf 89' lang='lat' dir='ltr'><strong>homine</strong></span> <span class='ocrx_word' id='word_1_22' title='bbox 1777 446 1952 478; x_wconf 88' lang='lat' dir='ltr'><strong>veterum</strong></span> 
     </span>
     <span class='ocr_line' id='line_1_4' title="bbox 392 514 1953 572; baseline -0.01 -8"><span class='ocrx_word' id='word_1_23' title='bbox 392 527 553 564; x_wconf 87' lang='lat' dir='ltr'><strong>deorum</strong></span> <span class='ocrx_word' id='word_1_24' title='bbox 603 520 783 572; x_wconf 88' lang='lat' dir='ltr'><strong>opinioni</strong></span> <span class='ocrx_word' id='word_1_25' title='bbox 817 518 1006 557; x_wconf 85' lang='lat' dir='ltr'><strong>addicto:</strong></span> <span class='ocrx_word' id='word_1_26' title='bbox 1041 518 1077 554; x_wconf 92' lang='lat' dir='ltr'><strong>A</strong></span> <span class='ocrx_word' id='word_1_27' title='bbox 1098 518 1135 562; x_wconf 90' lang='lat'><strong>8,</strong></span> <span class='ocrx_word' id='word_1_28' title='bbox 1158 526 1265 565; x_wconf 88' lang='lat'><strong>275:</strong></span> <span class='ocrx_word' id='word_1_29' title='bbox 1319 514 1507 560; x_wconf 83' lang='lat' dir='ltr'><strong>,Privatos</strong></span> <span class='ocrx_word' id='word_1_30' title='bbox 1540 524 1641 561; x_wconf 84' lang='lat' dir='ltr'><strong>quos</strong></span> <span class='ocrx_word' id='word_1_31' title='bbox 1689 522 1953 560; x_wconf 83' lang='lat' dir='ltr'><strong>unaquaeque</strong></span> 
     </span>
     <span class='ocr_line' id='line_1_5' title="bbox 393 581 1954 646; baseline -0.01 -12"><span class='ocrx_word' id='word_1_32' title='bbox 393 609 488 646; x_wconf 78' lang='lat' dir='ltr'><strong>gens</strong></span> <span class='ocrx_word' id='word_1_33' title='bbox 522 594 629 639; x_wconf 86' lang='lat' dir='ltr'><strong>colit,</strong></span> <span class='ocrx_word' id='word_1_34' title='bbox 664 600 704 631; x_wconf 91' lang='lat' dir='ltr'><strong>ut</strong></span> <span class='ocrx_word' id='word_1_35' title='bbox 736 604 809 629; x_wconf 91' lang='lat' dir='ltr'><strong>nos</strong></span> <span class='ocrx_word' id='word_1_36' title='bbox 842 592 1035 634; x_wconf 85' lang='lat' dir='ltr'>Faunum,</span> <span class='ocrx_word' id='word_1_37' title='bbox 1070 587 1256 625; x_wconf 87' lang='lat' dir='ltr'><strong>Thebani</strong></span> <span class='ocrx_word' id='word_1_38' title='bbox 1304 584 1605 635; x_wconf 83' lang='lat' dir='ltr'><strong>Amphiaraum,</strong></span> <span class='ocrx_word' id='word_1_39' title='bbox 1640 581 1954 621; x_wconf 85' lang='lat' dir='ltr'><strong>Lacedaemonii</strong></span> 
     </span>
     <span class='ocr_line' id='line_1_6' title="bbox 393 653 1979 716; baseline -0.009 -11"><span class='ocrx_word' id='word_1_40' title='bbox 393 668 669 716; x_wconf 82' lang='lat' dir='ltr'>Tyndareum:</span> <span class='ocrx_word' id='word_1_41' title='bbox 707 674 938 701; x_wconf 88' lang='lat' dir='ltr'><strong>communes</strong></span> <span class='ocrx_word' id='word_1_42' title='bbox 962 672 1062 710; x_wconf 90' lang='lat' dir='ltr'><strong>quos</strong></span> <span class='ocrx_word' id='word_1_43' title='bbox 1095 658 1280 703; x_wconf 88' lang='lat' dir='ltr'><strong>universi,</strong></span> <span class='ocrx_word' id='word_1_44' title='bbox 1314 664 1355 694; x_wconf 88' lang='lat' dir='ltr'><strong>ut</strong></span> <span class='ocrx_word' id='word_1_45' title='bbox 1378 656 1586 694; x_wconf 84' lang='lat' dir='ltr'>Castorem</span> <span class='ocrx_word' id='word_1_46' title='bbox 1609 655 1816 693; x_wconf 77' lang='lat' dir='ltr'>Pollucem</span> <span class='ocrx_word' id='word_1_47' title='bbox 1838 653 1954 692; x_wconf 88' lang='lat' dir='ltr'><strong>Libe·</strong></span> <span class='ocrx_word' id='word_1_48' title='bbox 1977 666 1979 668; x_wconf 92' lang='lat'>·</span> 
     </span>
     <span class='ocr_line' id='line_1_7' title="bbox 394 725 1956 780; baseline -0.01 -3"><span class='ocrx_word' id='word_1_49' title='bbox 394 752 475 777; x_wconf 91' lang='lat' dir='ltr'><strong>rum</strong></span> <span class='ocrx_word' id='word_1_50' title='bbox 526 736 767 774; x_wconf 81' lang='lat' dir='ltr'><strong>Herculem‘.</strong></span> <span class='ocrx_word' id='word_1_51' title='bbox 832 735 925 778; x_wconf 84' lang='lat' dir='ltr'><strong>A8,</strong></span> <span class='ocrx_word' id='word_1_52' title='bbox 945 741 1052 780; x_wconf 83' lang='lat'>314:</span> <span class='ocrx_word' id='word_1_53' title='bbox 1106 729 1284 780; x_wconf 87' lang='lat' dir='ltr'><strong>,quidam</strong></span> <span class='ocrx_word' id='word_1_54' title='bbox 1318 730 1498 766; x_wconf 85' lang='lat' dir='ltr'>Faunum</span> <span class='ocrx_word' id='word_1_55' title='bbox 1541 726 1785 776; x_wconf 85' lang='lat' dir='ltr'><strong>appellatum</strong></span> <span class='ocrx_word' id='word_1_56' title='bbox 1817 725 1956 763; x_wconf 90' lang='lat' dir='ltr'><strong>volunt</strong></span> 
     </span>
     <span class='ocr_line' id='line_1_8' title="bbox 395 795 2008 857; baseline -0.009 -9"><span class='ocrx_word' id='word_1_57' title='bbox 395 823 482 848; x_wconf 88' lang='lat' dir='ltr'><strong>eum</strong></span> <span class='ocrx_word' id='word_1_58' title='bbox 533 820 650 857; x_wconf 89' lang='lat' dir='ltr'><strong>quem</strong></span> <span class='ocrx_word' id='word_1_59' title='bbox 697 819 770 843; x_wconf 90' lang='lat' dir='ltr'><strong>nos</strong></span> <span class='ocrx_word' id='word_1_60' title='bbox 818 803 1030 854; x_wconf 88' lang='lat' dir='ltr'><strong>propitium</strong></span> <span class='ocrx_word' id='word_1_61' title='bbox 1079 802 1276 840; x_wconf 86' lang='lat' dir='ltr'><strong>dicimus.‘</strong></span> <span class='ocrx_word' id='word_1_62' title='bbox 1355 801 1582 849; x_wconf 82' lang='lat' dir='ltr'><strong>A9‚182:</strong></span> <span class='ocrx_word' id='word_1_63' title='bbox 1633 804 1688 845; x_wconf 87' lang='lat' dir='ltr'><strong>,ut</strong></span> <span class='ocrx_word' id='word_1_64' title='bbox 1733 795 1956 835; x_wconf 87' lang='lat' dir='ltr'><strong>masculino</strong></span> <span class='ocrx_word' id='word_1_65' title='bbox 2006 795 2008 806; x_wconf 77' lang='lat'><strong>¹</strong></span> 
     </span>
     <span class='ocr_line' id='line_1_9' title="bbox 397 865 1956 930; baseline -0.009 -11"><span class='ocrx_word' id='word_1_66' title='bbox 397 892 540 930; x_wconf 82' lang='lat' dir='ltr'><strong>genere</strong></span> <span class='ocrx_word' id='word_1_67' title='bbox 575 878 814 928; x_wconf 85' lang='lat' dir='ltr'><strong>Cupidinem</strong></span> <span class='ocrx_word' id='word_1_68' title='bbox 848 877 965 913; x_wconf 91' lang='lat' dir='ltr'><strong>deum</strong></span> <span class='ocrx_word' id='word_1_69' title='bbox 1000 874 1143 924; x_wconf 86' lang='lat' dir='ltr'><strong>ipsum,</strong></span> <span class='ocrx_word' id='word_1_70' title='bbox 1178 873 1219 911; x_wconf 91' lang='lat' dir='ltr'><strong>id</strong></span> <span class='ocrx_word' id='word_1_71' title='bbox 1253 880 1310 910; x_wconf 87' lang='lat' dir='ltr'><strong>est</strong></span> <span class='ocrx_word' id='word_1_72' title='bbox 1342 869 1419 912; x_wconf 80' lang='grc' dir='ltr'><strong>τόν</strong></span> <span class='ocrx_word' id='word_1_73' title='bbox 1441 865 1621 924; x_wconf 63' lang='lat' dir='ltr'><strong>”Epona</strong></span> <span class='ocrx_word' id='word_1_74' title='bbox 1671 868 1956 919; x_wconf 84' lang='lat' dir='ltr'><strong>significemus,</strong></span> 
     </span>
     <span class='ocr_line' id='line_1_10' title="bbox 399 939 1959 998; baseline -0.008 -8"><span class='ocrx_word' id='word_1_75' title='bbox 399 951 589 990; x_wconf 88' lang='lat' dir='ltr'><strong>feminino</strong></span> <span class='ocrx_word' id='word_1_76' title='bbox 639 948 926 998; x_wconf 85' lang='lat' dir='ltr'><strong>cupiditatem.‘</strong></span> <span class='ocrx_word' id='word_1_77' title='bbox 992 948 1026 984; x_wconf 91' lang='lat' dir='ltr'><strong>A</strong></span> <span class='ocrx_word' id='word_1_78' title='bbox 1052 959 1114 991; x_wconf 89' lang='lat'><strong>12,</strong></span> <span class='ocrx_word' id='word_1_79' title='bbox 1139 946 1233 994; x_wconf 87' lang='lat'>538:</span> <span class='ocrx_word' id='word_1_80' title='bbox 1271 943 1429 993; x_wconf 85' lang='lat' dir='ltr'><strong>,singuli</strong></span> <span class='ocrx_word' id='word_1_81' title='bbox 1476 942 1602 981; x_wconf 74' lang='lat' dir='ltr'><strong>enim,</strong></span> <span class='ocrx_word' id='word_1_82' title='bbox 1630 941 1729 980; x_wconf 90' lang='lat' dir='ltr'><strong>deos</strong></span> <span class='ocrx_word' id='word_1_83' title='bbox 1775 939 1959 991; x_wconf 84' lang='lat' dir='ltr'><strong>proprios</strong></span> 
     </span>
     <span class='ocr_line' id='line_1_11' title="bbox 396 1016 865 1071; baseline -0.011 -10"><span class='ocrx_word' id='word_1_84' title='bbox 396 1024 585 1061; x_wconf 87' lang='lat' dir='ltr'><strong>habemus</strong></span> <span class='ocrx_word' id='word_1_85' title='bbox 617 1020 769 1071; x_wconf 89' lang='lat' dir='ltr'><strong>genios‘</strong></span> <span class='ocrx_word' id='word_1_86' title='bbox 785 1016 865 1070; x_wconf 73' lang='grc'><strong>106).</strong></span> 
     </span>
    </p>

    <p class='ocr_par' dir='ltr' id='par_1_3' title="bbox 398 1084 2016 1719">
     <span class='ocr_line' id='line_1_12' title="bbox 538 1084 1959 1134; baseline -0.007 -4"><span class='ocrx_word' id='word_1_87' title='bbox 538 1094 746 1130; x_wconf 89' lang='lat' dir='ltr'><strong>Praeterea</strong></span> <span class='ocrx_word' id='word_1_88' title='bbox 793 1090 834 1128; x_wconf 90' lang='lat' dir='ltr'><strong>id</strong></span> <span class='ocrx_word' id='word_1_89' title='bbox 882 1088 1117 1134; x_wconf 87' lang='lat' dir='ltr'><strong>monuerim,</strong></span> <span class='ocrx_word' id='word_1_90' title='bbox 1168 1100 1257 1126; x_wconf 88' lang='lat' dir='ltr'><strong>eum</strong></span> <span class='ocrx_word' id='word_1_91' title='bbox 1292 1086 1532 1125; x_wconf 85' lang='lat' dir='ltr'><strong>christianae</strong></span> <span class='ocrx_word' id='word_1_92' title='bbox 1579 1084 1673 1123; x_wconf 87' lang='lat' dir='ltr'><strong>fidei</strong></span> <span class='ocrx_word' id='word_1_93' title='bbox 1723 1090 1830 1122; x_wconf 90' lang='lat' dir='ltr'><strong>certe</strong></span> <span class='ocrx_word' id='word_1_94' title='bbox 1876 1094 1959 1120; x_wconf 90' lang='lat' dir='ltr'><strong>non</strong></span> 
     </span>
     <span class='ocr_line' id='line_1_13' title="bbox 399 1154 2013 1212; baseline -0.007 -9"><span class='ocrx_word' id='word_1_95' title='bbox 399 1164 628 1204; x_wconf 80' lang='lat' dir='ltr'><strong>adhaesisse</strong></span> <span class='ocrx_word' id='word_1_96' title='bbox 660 1162 726 1212; x_wconf 91' lang='lat' dir='ltr'><strong>qui</strong></span> <span class='ocrx_word' id='word_1_97' title='bbox 759 1161 931 1211; x_wconf 85' lang='lat' dir='ltr'><strong>auguriis</strong></span> <span class='ocrx_word' id='word_1_98' title='bbox 965 1167 1003 1198; x_wconf 86' lang='lat' dir='ltr'><strong>et</strong></span> <span class='ocrx_word' id='word_1_99' title='bbox 1025 1159 1222 1198; x_wconf 88' lang='lat' dir='ltr'><strong>eiusmodi</strong></span> <span class='ocrx_word' id='word_1_100' title='bbox 1256 1159 1374 1197; x_wconf 89' lang='lat' dir='ltr'><strong>rebus</strong></span> <span class='ocrx_word' id='word_1_101' title='bbox 1407 1170 1499 1196; x_wconf 87' lang='lat' dir='ltr'><strong>usus</strong></span> <span class='ocrx_word' id='word_1_102' title='bbox 1533 1164 1603 1195; x_wconf 85' lang='lat' dir='ltr'><strong>est.</strong></span> <span class='ocrx_word' id='word_1_103' title='bbox 1669 1156 1812 1205; x_wconf 90' lang='lat' dir='ltr'><strong>Neque</strong></span> <span class='ocrx_word' id='word_1_104' title='bbox 1852 1154 1959 1193; x_wconf 88' lang='lat' dir='ltr'><strong>enim</strong></span> <span class='ocrx_word' id='word_1_105' title='bbox 2010 1166 2013 1208; x_wconf 30' lang='grc' dir='ltr'><strong>’ᾖ</strong></span> 
     </span>
     <span class='ocr_line' id='line_1_14' title="bbox 398 1228 1960 1282; baseline -0.006 -8"><span class='ocrx_word' id='word_1_106' title='bbox 398 1238 496 1275; x_wconf 84' lang='lat' dir='ltr'><strong>ullus</strong></span> <span class='ocrx_word' id='word_1_107' title='bbox 529 1234 762 1273; x_wconf 83' lang='lat' dir='ltr'><strong>christianus</strong></span> <span class='ocrx_word' id='word_1_108' title='bbox 795 1240 903 1271; x_wconf 85' lang='lat' dir='ltr'><strong>tanta</strong></span> <span class='ocrx_word' id='word_1_109' title='bbox 936 1231 1214 1282; x_wconf 86' lang='lat' dir='ltr'><strong>superstitione</strong></span> <span class='ocrx_word' id='word_1_110' title='bbox 1247 1231 1483 1268; x_wconf 88' lang='lat' dir='ltr'><strong>constrictus</strong></span> <span class='ocrx_word' id='word_1_111' title='bbox 1522 1236 1600 1269; x_wconf 84' lang='lat' dir='ltr'><strong>est:</strong></span> <span class='ocrx_word' id='word_1_112' title='bbox 1647 1228 1770 1266; x_wconf 89' lang='lat' dir='ltr'><strong>immo</strong></span> <span class='ocrx_word' id='word_1_113' title='bbox 1808 1238 1902 1265; x_wconf 87' lang='lat' dir='ltr'><strong>vero</strong></span> <span class='ocrx_word' id='word_1_114' title='bbox 1936 1238 1960 1264; x_wconf 84' lang='lat' dir='ltr'><strong>a</strong></span> 
     </span>
     <span class='ocr_line' id='line_1_15' title="bbox 399 1297 2014 1350; baseline -0.006 -5"><span class='ocrx_word' id='word_1_115' title='bbox 399 1308 541 1346; x_wconf 83' lang='lat' dir='ltr'><strong>talibus</strong></span> <span class='ocrx_word' id='word_1_116' title='bbox 591 1306 786 1344; x_wconf 87' lang='lat' dir='ltr'><strong>erroribus</strong></span> <span class='ocrx_word' id='word_1_117' title='bbox 831 1305 983 1342; x_wconf 90' lang='lat' dir='ltr'><strong>alienus</strong></span> <span class='ocrx_word' id='word_1_118' title='bbox 1042 1316 1110 1341; x_wconf 87' lang='lat' dir='ltr'><strong>eos</strong></span> <span class='ocrx_word' id='word_1_119' title='bbox 1157 1302 1296 1340; x_wconf 90' lang='lat' dir='ltr'><strong>tollere</strong></span> <span class='ocrx_word' id='word_1_120' title='bbox 1343 1302 1485 1340; x_wconf 87' lang='lat' dir='ltr'><strong>studet.</strong></span> <span class='ocrx_word' id='word_1_121' title='bbox 1566 1303 1707 1350; x_wconf 86' lang='lat' dir='ltr'><strong>Itaque</strong></span> <span class='ocrx_word' id='word_1_122' title='bbox 1742 1311 1833 1337; x_wconf 89' lang='lat' dir='ltr'><strong>cum</strong></span> <span class='ocrx_word' id='word_1_123' title='bbox 1879 1297 1960 1348; x_wconf 90' lang='lat' dir='ltr'><strong>ple·</strong></span> <span class='ocrx_word' id='word_1_124' title='bbox 2012 1339 2014 1347; x_wconf 19' lang='lat' dir='ltr'>x</span> 
     </span>
     <span class='ocr_line' id='line_1_16' title="bbox 398 1372 1960 1427; baseline -0.006 -11"><span class='ocrx_word' id='word_1_125' title='bbox 398 1380 486 1417; x_wconf 92' lang='lat' dir='ltr'><strong>nior</strong></span> <span class='ocrx_word' id='word_1_126' title='bbox 517 1378 672 1416; x_wconf 89' lang='lat' dir='ltr'><strong>Servius</strong></span> <span class='ocrx_word' id='word_1_127' title='bbox 706 1375 754 1427; x_wconf 90' lang='lat' dir='ltr'><strong>(A</strong></span> <span class='ocrx_word' id='word_1_128' title='bbox 775 1390 812 1426; x_wconf 86' lang='lat'><strong>3,</strong></span> <span class='ocrx_word' id='word_1_129' title='bbox 836 1376 933 1425; x_wconf 77' lang='lat'><strong>246)</strong></span> <span class='ocrx_word' id='word_1_130' title='bbox 975 1375 1178 1424; x_wconf 81' lang='lat' dir='ltr'><strong>explicans</strong></span> <span class='ocrx_word' id='word_1_131' title='bbox 1221 1386 1411 1423; x_wconf 79' lang='lat' dir='ltr'><strong>augurum</strong></span> <span class='ocrx_word' id='word_1_132' title='bbox 1459 1372 1640 1422; x_wconf 86' lang='lat' dir='ltr'><strong>auspicia</strong></span> <span class='ocrx_word' id='word_1_133' title='bbox 1672 1379 1792 1420; x_wconf 87' lang='lat' dir='ltr'><strong>atque</strong></span> <span class='ocrx_word' id='word_1_134' title='bbox 1825 1381 1960 1408; x_wconf 89' lang='lat' dir='ltr'><strong>eorum</strong></span> 
     </span>
     <span class='ocr_line' id='line_1_17' title="bbox 401 1443 2015 1498; baseline -0.006 -11"><span class='ocrx_word' id='word_1_135' title='bbox 401 1451 479 1488; x_wconf 92' lang='lat' dir='ltr'><strong>duo</strong></span> <span class='ocrx_word' id='word_1_136' title='bbox 525 1461 670 1498; x_wconf 86' lang='lat' dir='ltr'><strong>genera</strong></span> <span class='ocrx_word' id='word_1_137' title='bbox 714 1448 821 1486; x_wconf 86' lang='lat' dir='ltr'><strong>dicat</strong></span> <span class='ocrx_word' id='word_1_138' title='bbox 867 1447 918 1485; x_wconf 91' lang='lat' dir='ltr'><strong>de</strong></span> <span class='ocrx_word' id='word_1_139' title='bbox 965 1447 1089 1484; x_wconf 89' lang='lat' dir='ltr'><strong>altero</strong></span> <span class='ocrx_word' id='word_1_140' title='bbox 1134 1458 1307 1496; x_wconf 85' lang='lat' dir='ltr'><strong>genere:</strong></span> <span class='ocrx_word' id='word_1_141' title='bbox 1373 1457 1492 1491; x_wconf 91' lang='lat' dir='ltr'><strong>‚nunc</strong></span> <span class='ocrx_word' id='word_1_142' title='bbox 1556 1443 1715 1482; x_wconf 89' lang='lat' dir='ltr'><strong>utimur‘</strong></span> <span class='ocrx_word' id='word_1_143' title='bbox 1760 1453 1961 1492; x_wconf 86' lang='lat' dir='ltr'><strong>paganum</strong></span> <span class='ocrx_word' id='word_1_144' title='bbox 2014 1456 2015 1494; x_wconf 72' lang='lat' dir='ltr'><strong>j</strong></span> 
     </span>
     <span class='ocr_line' id='line_1_18' title="bbox 401 1500 2016 1568; baseline -0.006 -9"><span class='ocrx_word' id='word_1_145' title='bbox 401 1534 443 1560; x_wconf 89' lang='lat' dir='ltr'><strong>se</strong></span> <span class='ocrx_word' id='word_1_146' title='bbox 475 1533 560 1558; x_wconf 87' lang='lat' dir='ltr'><strong>esse</strong></span> <span class='ocrx_word' id='word_1_147' title='bbox 592 1521 749 1558; x_wconf 88' lang='lat' dir='ltr'><strong>fatetur:</strong></span> <span class='ocrx_word' id='word_1_148' title='bbox 776 1530 902 1568; x_wconf 88' lang='lat' dir='ltr'><strong>aeque</strong></span> <span class='ocrx_word' id='word_1_149' title='bbox 930 1525 1050 1566; x_wconf 87' lang='lat' dir='ltr'><strong>atque</strong></span> <span class='ocrx_word' id='word_1_150' title='bbox 1083 1519 1118 1555; x_wconf 94' lang='lat' dir='ltr'><strong>A</strong></span> <span class='ocrx_word' id='word_1_151' title='bbox 1139 1520 1176 1563; x_wconf 93' lang='lat'><strong>6,</strong></span> <span class='ocrx_word' id='word_1_152' title='bbox 1201 1520 1301 1564; x_wconf 84' lang='lat'><strong>284:</strong></span> <span class='ocrx_word' id='word_1_153' title='bbox 1330 1518 1392 1563; x_wconf 84' lang='lat' dir='ltr'><strong>,Et</strong></span> <span class='ocrx_word' id='word_1_154' title='bbox 1417 1517 1497 1554; x_wconf 90' lang='lat' dir='ltr'><strong>duo</strong></span> <span class='ocrx_word' id='word_1_155' title='bbox 1537 1514 1782 1554; x_wconf 88' lang='lat' dir='ltr'><strong>somniorum</strong></span> <span class='ocrx_word' id='word_1_156' title='bbox 1815 1524 1964 1563; x_wconf 86' lang='lat' dir='ltr'><strong>genera</strong></span> <span class='ocrx_word' id='word_1_157' title='bbox 2014 1500 2016 1529; x_wconf 34' lang='grc' dir='ltr'>ἕ</span> 
     </span>
     <span class='ocr_line' id='line_1_19' title="bbox 404 1584 1964 1642; baseline -0.004 -12"><span class='ocrx_word' id='word_1_158' title='bbox 404 1599 612 1642; x_wconf 85' lang='lat' dir='ltr'><strong>putantur:</strong></span> <span class='ocrx_word' id='word_1_159' title='bbox 637 1603 757 1628; x_wconf 86' lang='lat' dir='ltr'><strong>unum</strong></span> <span class='ocrx_word' id='word_1_160' title='bbox 790 1591 840 1629; x_wconf 93' lang='lat' dir='ltr'><strong>de</strong></span> <span class='ocrx_word' id='word_1_161' title='bbox 873 1590 997 1635; x_wconf 86' lang='lat' dir='ltr'><strong>caelo,</strong></span> <span class='ocrx_word' id='word_1_162' title='bbox 1033 1598 1161 1627; x_wconf 88' lang='lat' dir='ltr'><strong>ut...</strong></span> <span class='ocrx_word' id='word_1_163' title='bbox 1197 1589 1307 1638; x_wconf 85' lang='lat' dir='ltr'><strong>quod</strong></span> <span class='ocrx_word' id='word_1_164' title='bbox 1340 1596 1397 1627; x_wconf 88' lang='lat' dir='ltr'><strong>est</strong></span> <span class='ocrx_word' id='word_1_165' title='bbox 1421 1601 1568 1634; x_wconf 84' lang='lat' dir='ltr'><strong>verum,</strong></span> <span class='ocrx_word' id='word_1_166' title='bbox 1605 1586 1714 1625; x_wconf 86' lang='lat' dir='ltr'><strong>aliud</strong></span> <span class='ocrx_word' id='word_1_167' title='bbox 1746 1586 1797 1624; x_wconf 87' lang='lat' dir='ltr'><strong>ab</strong></span> <span class='ocrx_word' id='word_1_168' title='bbox 1829 1584 1964 1624; x_wconf 82' lang='lat' dir='ltr'><strong>inferis</strong></span> 
     </span>
     <span class='ocr_line' id='line_1_20' title="bbox 403 1657 1994 1719; baseline -0.006 -18"><span class='ocrx_word' id='word_1_169' title='bbox 403 1664 511 1713; x_wconf 88' lang='lat' dir='ltr'><strong>quod</strong></span> <span class='ocrx_word' id='word_1_170' title='bbox 544 1670 601 1701; x_wconf 89' lang='lat' dir='ltr'><strong>est</strong></span> <span class='ocrx_word' id='word_1_171' title='bbox 633 1665 789 1700; x_wconf 88' lang='lat' dir='ltr'><strong>vanum‘</strong></span> <span class='ocrx_word' id='word_1_172' title='bbox 811 1657 892 1711; x_wconf 79' lang='lat'>¹⁰⁷).</span> <span class='ocrx_word' id='word_1_173' title='bbox 1985 1707 1994 1719; x_wconf 46' lang='lat'><em>.</em></span> 
     </span>
    </p>

    <p class='ocr_par' dir='ltr' id='par_1_4' title="bbox 405 1730 2023 1926">
     <span class='ocr_line' id='line_1_21' title="bbox 545 1730 1965 1781; baseline -0.004 -10"><span class='ocrx_word' id='word_1_174' title='bbox 545 1734 645 1772; x_wconf 90' lang='lat' dir='ltr'><strong>Cum</strong></span> <span class='ocrx_word' id='word_1_175' title='bbox 679 1740 808 1771; x_wconf 86' lang='lat' dir='ltr'><strong>autem</strong></span> <span class='ocrx_word' id='word_1_176' title='bbox 841 1745 862 1770; x_wconf 94' lang='lat' dir='ltr'><strong>e</strong></span> <span class='ocrx_word' id='word_1_177' title='bbox 902 1732 1001 1770; x_wconf 86' lang='lat' dir='ltr'><strong>locis</strong></span> <span class='ocrx_word' id='word_1_178' title='bbox 1034 1744 1151 1781; x_wconf 89' lang='lat' dir='ltr'><strong>supra</strong></span> <span class='ocrx_word' id='word_1_179' title='bbox 1184 1732 1392 1781; x_wconf 85' lang='lat' dir='ltr'><strong>explicatis</strong></span> <span class='ocrx_word' id='word_1_180' title='bbox 1425 1730 1653 1781; x_wconf 86' lang='lat' dir='ltr'><strong>apparuerit</strong></span> <span class='ocrx_word' id='word_1_181' title='bbox 1699 1740 1831 1778; x_wconf 90' lang='lat' dir='ltr'><strong>neque</strong></span> <span class='ocrx_word' id='word_1_182' title='bbox 1864 1739 1965 1778; x_wconf 89' lang='lat' dir='ltr'><strong>opus</strong></span> 
     </span>
     <span class='ocr_line' id='line_1_22' title="bbox 405 1800 2020 1853; baseline -0.002 -10"><span class='ocrx_word' id='word_1_183' title='bbox 405 1818 489 1844; x_wconf 89' lang='lat' dir='ltr'><strong>esse</strong></span> <span class='ocrx_word' id='word_1_184' title='bbox 522 1806 572 1843; x_wconf 89' lang='lat' dir='ltr'><strong>ad</strong></span> <span class='ocrx_word' id='word_1_185' title='bbox 605 1805 861 1842; x_wconf 84' lang='lat' dir='ltr'><strong>christianum</strong></span> <span class='ocrx_word' id='word_1_186' title='bbox 900 1804 1031 1842; x_wconf 87' lang='lat' dir='ltr'><strong>referri</strong></span> <span class='ocrx_word' id='word_1_187' title='bbox 1080 1816 1211 1853; x_wconf 88' lang='lat' dir='ltr'><strong>neque</strong></span> <span class='ocrx_word' id='word_1_188' title='bbox 1259 1804 1299 1841; x_wconf 91' lang='lat' dir='ltr'><strong>id</strong></span> <span class='ocrx_word' id='word_1_189' title='bbox 1333 1815 1477 1852; x_wconf 84' lang='lat' dir='ltr'><strong>magna</strong></span> <span class='ocrx_word' id='word_1_190' title='bbox 1509 1815 1555 1840; x_wconf 86' lang='lat' dir='ltr'><strong>ex</strong></span> <span class='ocrx_word' id='word_1_191' title='bbox 1589 1808 1701 1852; x_wconf 89' lang='lat' dir='ltr'><strong>parte</strong></span> <span class='ocrx_word' id='word_1_192' title='bbox 1732 1800 1817 1839; x_wconf 89' lang='lat' dir='ltr'><strong>fieri</strong></span> <span class='ocrx_word' id='word_1_193' title='bbox 1849 1811 1967 1850; x_wconf 82' lang='lat' dir='ltr'><strong>posse.</strong></span> <span class='ocrx_word' id='word_1_194' title='bbox 2018 1825 2020 1839; x_wconf 53' lang='lat' dir='ltr'><strong>i</strong></span> 
     </span>
     <span class='ocr_line' id='line_1_23' title="bbox 405 1869 2023 1926; baseline -0.002 -11"><span class='ocrx_word' id='word_1_195' title='bbox 405 1877 580 1926; x_wconf 87' lang='lat' dir='ltr'><strong>sequitur</strong></span> <span class='ocrx_word' id='word_1_196' title='bbox 612 1883 652 1914; x_wconf 91' lang='lat' dir='ltr'><strong>ut</strong></span> <span class='ocrx_word' id='word_1_197' title='bbox 694 1875 927 1925; x_wconf 86' lang='lat' dir='ltr'><strong>plenior</strong></span> <span class='ocrx_word' id='word_1_198' title='bbox 960 1875 1188 1913; x_wconf 89' lang='lat' dir='ltr'><strong>Servius</strong></span> <span class='ocrx_word' id='word_1_199' title='bbox 1232 1887 1483 1924; x_wconf 85' lang='lat' dir='ltr'><strong>paganus</strong></span> <span class='ocrx_word' id='word_1_200' title='bbox 1517 1869 1731 1924; x_wconf 73' lang='lat' dir='ltr'><strong>fuerit103).</strong></span> <span class='ocrx_word' id='word_1_201' title='bbox 2022 1918 2023 1926; x_wconf 12' lang='grc' dir='ltr'>ἵ</span> 
     </span>
    </p>

    <p class='ocr_par' dir='ltr' id='par_1_5' title="bbox 409 1927 2023 2496">
     <span class='ocr_line' id='line_1_24' title="bbox 547 1927 2023 1994; baseline -0.002 -9"><span class='ocrx_word' id='word_1_202' title='bbox 547 1948 651 1986; x_wconf 87' lang='lat' dir='ltr'><strong>Ubi</strong></span> <span class='ocrx_word' id='word_1_203' title='bbox 698 1954 827 1984; x_wconf 89' lang='lat' dir='ltr'><strong>autem</strong></span> <span class='ocrx_word' id='word_1_204' title='bbox 872 1946 924 1984; x_wconf 93' lang='lat' dir='ltr'><strong>in</strong></span> <span class='ocrx_word' id='word_1_205' title='bbox 969 1947 1147 1984; x_wconf 88' lang='lat' dir='ltr'><strong>lucem</strong></span> <span class='ocrx_word' id='word_1_206' title='bbox 1192 1947 1383 1984; x_wconf 86' lang='lat' dir='ltr'><strong>editus</strong></span> <span class='ocrx_word' id='word_1_207' title='bbox 1416 1946 1477 1991; x_wconf 83' lang='lat' dir='ltr'><strong>sit,</strong></span> <span class='ocrx_word' id='word_1_208' title='bbox 1511 1945 1607 1983; x_wconf 91' lang='lat' dir='ltr'><strong>ubi</strong></span> <span class='ocrx_word' id='word_1_209' title='bbox 1640 1944 1809 1983; x_wconf 86' lang='lat' dir='ltr'><strong>vitam</strong></span> <span class='ocrx_word' id='word_1_210' title='bbox 1842 1955 1967 1994; x_wconf 89' lang='lat' dir='ltr'><strong>ege-</strong></span> <span class='ocrx_word' id='word_1_211' title='bbox 2021 1927 2023 1936; x_wconf 27' lang='grc' dir='ltr'><em>Α</em></span> 
     </span>
     <span class='ocr_line' id='line_1_25' title="bbox 409 2015 1965 2067; baseline -0.002 -11"><span class='ocrx_word' id='word_1_212' title='bbox 409 2019 478 2057; x_wconf 88' lang='lat' dir='ltr'><strong>rit</strong></span> <span class='ocrx_word' id='word_1_213' title='bbox 538 2019 768 2057; x_wconf 79' lang='lat' dir='ltr'><strong>Servius</strong></span> <span class='ocrx_word' id='word_1_214' title='bbox 828 2018 1080 2067; x_wconf 89' lang='lat' dir='ltr'><strong>plenior,</strong></span> <span class='ocrx_word' id='word_1_215' title='bbox 1141 2017 1420 2055; x_wconf 85' lang='lat' dir='ltr'><strong>difficillimum</strong></span> <span class='ocrx_word' id='word_1_216' title='bbox 1475 2024 1532 2055; x_wconf 90' lang='lat' dir='ltr'><strong>est</strong></span> <span class='ocrx_word' id='word_1_217' title='bbox 1592 2017 1645 2055; x_wconf 86' lang='lat' dir='ltr'><strong>ad</strong></span> <span class='ocrx_word' id='word_1_218' title='bbox 1697 2015 1965 2054; x_wconf 87' lang='lat' dir='ltr'><strong>statuendum.</strong></span> 
     </span>
     <span class='ocr_line' id='line_1_26' title="bbox 409 2087 1968 2138; baseline -0.003 -10"><span class='ocrx_word' id='word_1_219' title='bbox 409 2092 537 2128; x_wconf 79' lang='lat' dir='ltr'><strong>Pauca</strong></span> <span class='ocrx_word' id='word_1_220' title='bbox 569 2090 682 2127; x_wconf 69' lang='lat' dir='ltr'><strong>liuius</strong></span> <span class='ocrx_word' id='word_1_221' title='bbox 715 2089 770 2127; x_wconf 89' lang='lat' dir='ltr'><strong>rei</strong></span> <span class='ocrx_word' id='word_1_222' title='bbox 803 2101 907 2138; x_wconf 86' lang='lat' dir='ltr'><strong>quae</strong></span> <span class='ocrx_word' id='word_1_223' title='bbox 941 2089 1127 2138; x_wconf 87' lang='lat' dir='ltr'><strong>equidem</strong></span> <span class='ocrx_word' id='word_1_224' title='bbox 1153 2089 1286 2126; x_wconf 78' lang='lat' dir='ltr'><strong>inveni</strong></span> <span class='ocrx_word' id='word_1_225' title='bbox 1321 2088 1469 2127; x_wconf 87' lang='lat' dir='ltr'><strong>iudicia</strong></span> <span class='ocrx_word' id='word_1_226' title='bbox 1491 2100 1778 2126; x_wconf 89' lang='lat' dir='ltr'><strong>commemoro.</strong></span> <span class='ocrx_word' id='word_1_227' title='bbox 1814 2087 1968 2137; x_wconf 85' lang='lat' dir='ltr'><strong>Populo</strong></span> 
     </span>
     <span class='ocr_line' id='line_1_27' title="bbox 411 2157 1970 2211; baseline -0.002 -12"><span class='ocrx_word' id='word_1_228' title='bbox 411 2163 448 2199; x_wconf 94' lang='lat' dir='ltr'>R</span> <span class='ocrx_word' id='word_1_229' title='bbox 468 2174 624 2199; x_wconf 86' lang='lat' dir='ltr'><strong>oman</strong></span> <span class='ocrx_word' id='word_1_230' title='bbox 643 2157 754 2211; x_wconf 77' lang='lat'>0¹⁰⁹)</span> <span class='ocrx_word' id='word_1_231' title='bbox 787 2173 877 2198; x_wconf 88' lang='lat' dir='ltr'><strong>eum</strong></span> <span class='ocrx_word' id='word_1_232' title='bbox 910 2160 1121 2198; x_wconf 87' lang='lat' dir='ltr'><strong>attribuere</strong></span> <span class='ocrx_word' id='word_1_233' title='bbox 1154 2173 1234 2197; x_wconf 90' lang='lat' dir='ltr'><strong>non</strong></span> <span class='ocrx_word' id='word_1_234' title='bbox 1269 2160 1408 2197; x_wconf 89' lang='lat' dir='ltr'><strong>dubito</strong></span> <span class='ocrx_word' id='word_1_235' title='bbox 1442 2161 1591 2210; x_wconf 86' lang='lat' dir='ltr'><strong>quippe</strong></span> <span class='ocrx_word' id='word_1_236' title='bbox 1624 2159 1692 2209; x_wconf 90' lang='lat' dir='ltr'><strong>qui</strong></span> <span class='ocrx_word' id='word_1_237' title='bbox 1725 2159 1894 2210; x_wconf 90' lang='lat' dir='ltr'><strong>peritum</strong></span> <span class='ocrx_word' id='word_1_238' title='bbox 1927 2170 1970 2196; x_wconf 89' lang='lat' dir='ltr'><strong>se</strong></span> 
     </span>
     <span class='ocr_line' id='line_1_28' title="bbox 410 2232 1969 2282; baseline -0.002 -12"><span class='ocrx_word' id='word_1_239' title='bbox 410 2233 600 2282; x_wconf 80' lang='lat' dir='ltr'><strong>praebeat</strong></span> <span class='ocrx_word' id='word_1_240' title='bbox 646 2233 804 2280; x_wconf 87' lang='lat' dir='ltr'><strong>linguae</strong></span> <span class='ocrx_word' id='word_1_241' title='bbox 844 2232 1004 2277; x_wconf 84' lang='lat' dir='ltr'><strong>latinae,</strong></span> <span class='ocrx_word' id='word_1_242' title='bbox 1053 2238 1095 2268; x_wconf 90' lang='lat' dir='ltr'><strong>ut</strong></span> <span class='ocrx_word' id='word_1_243' title='bbox 1126 2233 1162 2268; x_wconf 93' lang='lat' dir='ltr'><strong>A</strong></span> <span class='ocrx_word' id='word_1_244' title='bbox 1187 2245 1220 2277; x_wconf 85' lang='lat'><strong>1,</strong></span> <span class='ocrx_word' id='word_1_245' title='bbox 1242 2242 1347 2281; x_wconf 85' lang='lat'>505:</span> <span class='ocrx_word' id='word_1_246' title='bbox 1400 2232 1676 2275; x_wconf 87' lang='lat' dir='ltr'><strong>,Chelonen..</strong></span> <span class='ocrx_word' id='word_1_247' title='bbox 1726 2243 1846 2281; x_wconf 86' lang='lat' dir='ltr'><strong>quam</strong></span> <span class='ocrx_word' id='word_1_248' title='bbox 1895 2242 1969 2268; x_wconf 91' lang='lat' dir='ltr'><strong>nos</strong></span> 
     </span>
     <span class='ocr_line' id='line_1_29' title="bbox 410 2302 1970 2352; baseline -0.001 -11"><span class='ocrx_word' id='word_1_249' title='bbox 410 2304 531 2341; x_wconf 85' lang='lat' dir='ltr'><strong>latine</strong></span> <span class='ocrx_word' id='word_1_250' title='bbox 545 2304 782 2341; x_wconf 88' lang='lat' dir='ltr'><strong>testudinem</strong></span> <span class='ocrx_word' id='word_1_251' title='bbox 815 2302 1011 2348; x_wconf 81' lang='lat' dir='ltr'><strong>dicimus‘,</strong></span> <span class='ocrx_word' id='word_1_252' title='bbox 1036 2305 1071 2340; x_wconf 91' lang='lat' dir='ltr'><strong>A</strong></span> <span class='ocrx_word' id='word_1_253' title='bbox 1101 2316 1134 2348; x_wconf 91' lang='lat'><strong>1,</strong></span> <span class='ocrx_word' id='word_1_254' title='bbox 1161 2316 1243 2351; x_wconf 81' lang='lat'><strong>394</strong></span> <span class='ocrx_word' id='word_1_255' title='bbox 1278 2310 1398 2352; x_wconf 85' lang='lat' dir='ltr'><strong>atque</strong></span> <span class='ocrx_word' id='word_1_256' title='bbox 1428 2303 1559 2341; x_wconf 89' lang='lat' dir='ltr'><strong>multis</strong></span> <span class='ocrx_word' id='word_1_257' title='bbox 1583 2302 1670 2340; x_wconf 84' lang='lat' dir='ltr'><strong>aliis</strong></span> <span class='ocrx_word' id='word_1_258' title='bbox 1702 2303 1816 2351; x_wconf 84' lang='lat' dir='ltr'><strong>locis,</strong></span> <span class='ocrx_word' id='word_1_259' title='bbox 1850 2309 1970 2352; x_wconf 86' lang='lat' dir='ltr'><strong>atque</strong></span> 
     </span>
     <span class='ocr_line' id='line_1_30' title="bbox 412 2374 1971 2424; baseline 0 -13"><span class='ocrx_word' id='word_1_260' title='bbox 412 2375 479 2423; x_wconf 87' lang='lat' dir='ltr'><strong>qui</strong></span> <span class='ocrx_word' id='word_1_261' title='bbox 533 2375 761 2412; x_wconf 79' lang='lat' dir='ltr'><strong>Romanum</strong></span> <span class='ocrx_word' id='word_1_262' title='bbox 808 2387 850 2412; x_wconf 92' lang='lat' dir='ltr'><strong>se</strong></span> <span class='ocrx_word' id='word_1_263' title='bbox 899 2386 984 2412; x_wconf 85' lang='lat' dir='ltr'><strong>esse</strong></span> <span class='ocrx_word' id='word_1_264' title='bbox 1033 2375 1265 2424; x_wconf 87' lang='lat' dir='ltr'><strong>profiteatur</strong></span> <span class='ocrx_word' id='word_1_265' title='bbox 1320 2374 1379 2411; x_wconf 87' lang='lat' dir='ltr'><strong>his</strong></span> <span class='ocrx_word' id='word_1_266' title='bbox 1430 2375 1579 2413; x_wconf 73' lang='lat' dir='ltr'><strong>verbis:</strong></span> <span class='ocrx_word' id='word_1_267' title='bbox 1632 2375 1753 2424; x_wconf 84' lang='lat' dir='ltr'><strong>,apud</strong></span> <span class='ocrx_word' id='word_1_268' title='bbox 1801 2374 1971 2412; x_wconf 84' lang='lat' dir='ltr'><strong>maiores</strong></span> 
     </span>
     <span class='ocr_line' id='line_1_31' title="bbox 413 2443 2023 2496; baseline 0 -14"><span class='ocrx_word' id='word_1_269' title='bbox 413 2453 569 2483; x_wconf 89' lang='lat' dir='ltr'><strong>nostros</strong></span> <span class='ocrx_word' id='word_1_270' title='bbox 624 2446 864 2494; x_wconf 81' lang='lat' dir='ltr'><strong>stipendium</strong></span> <span class='ocrx_word' id='word_1_271' title='bbox 884 2476 920 2484; x_wconf 91' lang='lat'><strong>..</strong></span> <span class='ocrx_word' id='word_1_272' title='bbox 955 2446 1107 2491; x_wconf 83' lang='lat' dir='ltr'><strong>dabat,‘</strong></span> <span class='ocrx_word' id='word_1_273' title='bbox 1141 2447 1192 2491; x_wconf 81' lang='lat' dir='ltr'><strong>&lt;A</strong></span> <span class='ocrx_word' id='word_1_274' title='bbox 1213 2447 1250 2490; x_wconf 86' lang='lat'><strong>6,</strong></span> <span class='ocrx_word' id='word_1_275' title='bbox 1278 2443 1402 2496; x_wconf 82' lang='lat'>1)¹¹⁰).</span> <span class='ocrx_word' id='word_1_276' title='bbox 1495 2448 1627 2495; x_wconf 88' lang='lat' dir='ltr'><strong>Atque</strong></span> <span class='ocrx_word' id='word_1_277' title='bbox 1661 2459 1711 2484; x_wconf 90' lang='lat' dir='ltr'><strong>ne</strong></span> <span class='ocrx_word' id='word_1_278' title='bbox 1743 2445 1829 2495; x_wconf 89' lang='lat' dir='ltr'><strong>quis</strong></span> <span class='ocrx_word' id='word_1_279' title='bbox 1862 2451 1973 2495; x_wconf 89' lang='lat' dir='ltr'><strong>putet</strong></span> <span class='ocrx_word' id='word_1_280' title='bbox 2022 2460 2023 2463; x_wconf 47' lang='lat'>¹</span> 
     </span>
    </p>
   </div>
   <div class='ocr_carea' id='block_1_3' title="bbox 705 2540 826 2542">
    <p class='ocr_par' dir='ltr' id='par_1_6' title="bbox 705 2540 826 2542">
     <span class='ocr_line' id='line_1_32' title="bbox 705 2540 826 2542; baseline 0 0"><span class='ocrx_word' id='word_1_281' title='bbox 705 2540 826 2542; x_wconf 95' lang='lat' dir='ltr'><strong> </strong></span> 
     </span>
    </p>
   </div>
   <div class='ocr_carea' id='block_1_4' title="bbox 413 2559 2020 2844">
    <p class='ocr_par' dir='ltr' id='par_1_7' title="bbox 413 2559 1966 2665">
     <span class='ocr_line' id='line_1_33' title="bbox 557 2559 1966 2607; baseline 0.002 -15"><span class='ocrx_word' id='word_1_282' title='bbox 557 2559 612 2606; x_wconf 76' lang='lat'><strong>¹0⁰)</strong></span> <span class='ocrx_word' id='word_1_283' title='bbox 639 2562 737 2593; x_wconf 85' lang='lat' dir='ltr'><strong>Adde</strong></span> <span class='ocrx_word' id='word_1_284' title='bbox 763 2562 824 2594; x_wconf 90' lang='lat' dir='ltr'><strong>hos</strong></span> <span class='ocrx_word' id='word_1_285' title='bbox 839 2563 946 2594; x_wconf 85' lang='lat' dir='ltr'><strong>locos:</strong></span> <span class='ocrx_word' id='word_1_286' title='bbox 967 2563 997 2594; x_wconf 88' lang='lat' dir='ltr'><strong>A</strong></span> <span class='ocrx_word' id='word_1_287' title='bbox 1030 2571 1056 2600; x_wconf 83' lang='lat'><strong>1,</strong></span> <span class='ocrx_word' id='word_1_288' title='bbox 1076 2563 1164 2603; x_wconf 85' lang='lat'>683;</span> <span class='ocrx_word' id='word_1_289' title='bbox 1199 2563 1338 2606; x_wconf 81' lang='lat'><strong>2‚616;</strong></span> <span class='ocrx_word' id='word_1_290' title='bbox 1360 2571 1392 2603; x_wconf 85' lang='lat'><strong>3,</strong></span> <span class='ocrx_word' id='word_1_291' title='bbox 1420 2571 1481 2603; x_wconf 90' lang='lat'><strong>91;</strong></span> <span class='ocrx_word' id='word_1_292' title='bbox 1514 2571 1544 2604; x_wconf 88' lang='lat'><strong>3,</strong></span> <span class='ocrx_word' id='word_1_293' title='bbox 1571 2570 1653 2605; x_wconf 79' lang='lat'><strong>¹5¹3</strong></span> <span class='ocrx_word' id='word_1_294' title='bbox 1677 2572 1708 2604; x_wconf 83' lang='lat'><strong>3,</strong></span> <span class='ocrx_word' id='word_1_295' title='bbox 1729 2563 1817 2604; x_wconf 86' lang='lat'>587;</span> <span class='ocrx_word' id='word_1_296' title='bbox 1848 2571 1966 2607; x_wconf 80' lang='lat'>4,32;</span> 
     </span>
     <span class='ocr_line' id='line_1_34' title="bbox 413 2620 1066 2665; baseline 0.005 -14"><span class='ocrx_word' id='word_1_297' title='bbox 413 2629 445 2659; x_wconf 88' lang='lat'><strong>4,</strong></span> <span class='ocrx_word' id='word_1_298' title='bbox 469 2620 557 2660; x_wconf 85' lang='lat'><strong>638;</strong></span> <span class='ocrx_word' id='word_1_299' title='bbox 588 2629 622 2664; x_wconf 81' lang='lat'><strong>4,</strong></span> <span class='ocrx_word' id='word_1_300' title='bbox 641 2621 729 2661; x_wconf 73' lang='lat'>6963</span> <span class='ocrx_word' id='word_1_301' title='bbox 764 2628 797 2665; x_wconf 73' lang='lat'><strong>7,</strong></span> <span class='ocrx_word' id='word_1_302' title='bbox 815 2622 901 2658; x_wconf 90' lang='lat'>610;</span> <span class='ocrx_word' id='word_1_303' title='bbox 934 2621 1066 2665; x_wconf 85' lang='lat'>8‚187.</span> 
     </span>
    </p>

    <p class='ocr_par' dir='ltr' id='par_1_8' title="bbox 557 2677 1053 2725">
     <span class='ocr_line' id='line_1_35' title="bbox 557 2677 1053 2725; baseline 0.006 -15"><span class='ocrx_word' id='word_1_304' title='bbox 557 2677 612 2724; x_wconf 78' lang='grc'><strong>107)</strong></span> <span class='ocrx_word' id='word_1_305' title='bbox 642 2680 807 2712; x_wconf 86' lang='lat' dir='ltr'><strong>Adscribo</strong></span> <span class='ocrx_word' id='word_1_306' title='bbox 835 2682 864 2712; x_wconf 82' lang='lat' dir='ltr'><strong>A</strong></span> <span class='ocrx_word' id='word_1_307' title='bbox 896 2690 949 2725; x_wconf 65' lang='grc' dir='ltr'><strong>ιο,</strong></span> <span class='ocrx_word' id='word_1_308' title='bbox 974 2688 1053 2721; x_wconf 89' lang='lat'><strong>272.</strong></span> 
     </span>
    </p>

    <p class='ocr_par' dir='ltr' id='par_1_9' title="bbox 416 2736 2020 2844">
     <span class='ocr_line' id='line_1_36' title="bbox 559 2736 2020 2784; baseline 0.003 -15"><span class='ocrx_word' id='word_1_309' title='bbox 559 2736 617 2782; x_wconf 71' lang='lat'>¹⁰⁸)</span> <span class='ocrx_word' id='word_1_310' title='bbox 644 2739 733 2771; x_wconf 80' lang='lat' dir='ltr'><strong>Sicut</strong></span> <span class='ocrx_word' id='word_1_311' title='bbox 748 2740 898 2771; x_wconf 85' lang='lat' dir='ltr'><strong>Thomas</strong></span> <span class='ocrx_word' id='word_1_312' title='bbox 913 2741 967 2782; x_wconf 62' lang='lat' dir='ltr'><strong>(cf.</strong></span> <span class='ocrx_word' id='word_1_313' title='bbox 981 2741 1106 2773; x_wconf 89' lang='lat' dir='ltr'><strong>Thom.</strong></span> <span class='ocrx_word' id='word_1_314' title='bbox 1121 2752 1200 2783; x_wconf 81' lang='lat' dir='ltr'><strong>pag.</strong></span> <span class='ocrx_word' id='word_1_315' title='bbox 1220 2741 1373 2782; x_wconf 81' lang='lat' dir='ltr'><strong>142)iure</strong></span> <span class='ocrx_word' id='word_1_316' title='bbox 1387 2742 1515 2773; x_wconf 75' lang='lat' dir='ltr'><strong>censuit</strong></span> <span class='ocrx_word' id='word_1_317' title='bbox 1534 2740 1600 2772; x_wconf 84' lang='lat' dir='ltr'><strong>fieri</strong></span> <span class='ocrx_word' id='word_1_318' title='bbox 1628 2753 1694 2773; x_wconf 89' lang='lat' dir='ltr'><strong>non</strong></span> <span class='ocrx_word' id='word_1_319' title='bbox 1722 2741 1868 2783; x_wconf 85' lang='lat' dir='ltr'><strong>potuisse</strong></span> <span class='ocrx_word' id='word_1_320' title='bbox 1893 2741 1971 2784; x_wconf 86' lang='lat' dir='ltr'><strong>quin</strong></span> <span class='ocrx_word' id='word_1_321' title='bbox 2018 2738 2020 2747; x_wconf 74' lang='grc'>’</span> 
     </span>
     <span class='ocr_line' id='line_1_37' title="bbox 416 2798 1973 2844; baseline 0.003 -16"><span class='ocrx_word' id='word_1_322' title='bbox 416 2798 544 2828; x_wconf 81' lang='lat' dir='ltr'><strong>brevior</strong></span> <span class='ocrx_word' id='word_1_323' title='bbox 570 2798 711 2836; x_wconf 71' lang='lat' dir='ltr'><strong>Servius,</strong></span> <span class='ocrx_word' id='word_1_324' title='bbox 742 2799 767 2830; x_wconf 85' lang='lat' dir='ltr'><strong>si</strong></span> <span class='ocrx_word' id='word_1_325' title='bbox 795 2799 990 2831; x_wconf 81' lang='lat' dir='ltr'><strong>christianus</strong></span> <span class='ocrx_word' id='word_1_326' title='bbox 1018 2800 1140 2837; x_wconf 69' lang='lat' dir='ltr'><strong>suisset,</strong></span> <span class='ocrx_word' id='word_1_327' title='bbox 1173 2812 1377 2841; x_wconf 74' lang='lat' dir='ltr'><strong>paganorum</strong></span> <span class='ocrx_word' id='word_1_328' title='bbox 1404 2812 1511 2832; x_wconf 83' lang='lat' dir='ltr'><strong>mores</strong></span> <span class='ocrx_word' id='word_1_329' title='bbox 1546 2807 1751 2833; x_wconf 82' lang='lat' dir='ltr'><strong>enumeraret</strong></span> <span class='ocrx_word' id='word_1_330' title='bbox 1785 2812 1892 2844; x_wconf 90' lang='lat' dir='ltr'><strong>neque</strong></span> <span class='ocrx_word' id='word_1_331' title='bbox 1918 2812 1973 2833; x_wconf 85' lang='lat' dir='ltr'><strong>oc-</strong></span> 
     </span>
    </p>
   </div>
   <div class='ocr_carea' id='block_1_5' title="bbox 417 2857 2021 2947">
    <p class='ocr_par' dir='ltr' id='par_1_10' title="bbox 417 2857 2021 2947">
     <span class='ocr_line' id='line_1_38' title="bbox 417 2857 2021 2903; baseline 0.004 -16"><span class='ocrx_word' id='word_1_332' title='bbox 417 2857 549 2887; x_wconf 67' lang='lat' dir='ltr'><strong>casione</strong></span> <span class='ocrx_word' id='word_1_333' title='bbox 578 2858 690 2889; x_wconf 77' lang='lat' dir='ltr'><strong>oblata</strong></span> <span class='ocrx_word' id='word_1_334' title='bbox 716 2864 829 2890; x_wconf 85' lang='lat' dir='ltr'><strong>contra</strong></span> <span class='ocrx_word' id='word_1_335' title='bbox 867 2870 924 2890; x_wconf 83' lang='lat' dir='ltr'><strong>eos</strong></span> <span class='ocrx_word' id='word_1_336' title='bbox 964 2860 1125 2898; x_wconf 73' lang='lat' dir='ltr'><strong>existeret,</strong></span> <span class='ocrx_word' id='word_1_337' title='bbox 1158 2871 1291 2891; x_wconf 82' lang='lat' dir='ltr'><strong>necesse</strong></span> <span class='ocrx_word' id='word_1_338' title='bbox 1329 2867 1377 2891; x_wconf 83' lang='lat' dir='ltr'><strong>est</strong></span> <span class='ocrx_word' id='word_1_339' title='bbox 1416 2872 1476 2892; x_wconf 76' lang='lat' dir='ltr'><strong>nos</strong></span> <span class='ocrx_word' id='word_1_340' title='bbox 1503 2861 1591 2892; x_wconf 88' lang='lat' dir='ltr'><strong>idem</strong></span> <span class='ocrx_word' id='word_1_341' title='bbox 1619 2862 1660 2892; x_wconf 86' lang='lat' dir='ltr'><strong>de</strong></span> <span class='ocrx_word' id='word_1_342' title='bbox 1686 2862 1836 2903; x_wconf 85' lang='lat' dir='ltr'><strong>pleniore</strong></span> <span class='ocrx_word' id='word_1_343' title='bbox 1861 2861 1976 2893; x_wconf 89' lang='lat' dir='ltr'><strong>Servio</strong></span> <span class='ocrx_word' id='word_1_344' title='bbox 2020 2876 2021 2881; x_wconf 53' lang='lat'>¹</span> 
     </span>
     <span class='ocr_line' id='line_1_39' title="bbox 418 2916 574 2947; baseline 0 -1"><span class='ocrx_word' id='word_1_345' title='bbox 418 2916 574 2947; x_wconf 77' lang='lat' dir='ltr'><strong>iudicare.</strong></span> 
     </span>
    </p>
   </div>
   <div class='ocr_carea' id='block_1_6' title="bbox 559 2976 1117 3082">
    <p class='ocr_par' dir='ltr' id='par_1_11' title="bbox 559 2976 1117 3082">
     <span class='ocr_line' id='line_1_40' title="bbox 559 2976 1117 3021; baseline 0.005 -13"><span class='ocrx_word' id='word_1_346' title='bbox 559 2978 618 3014; x_wconf 76' lang='lat'>109)</span> <span class='ocrx_word' id='word_1_347' title='bbox 646 2976 688 3007; x_wconf 85' lang='lat' dir='ltr'><strong>cf.</strong></span> <span class='ocrx_word' id='word_1_348' title='bbox 721 2977 763 3010; x_wconf 81' lang='lat' dir='ltr'><strong>H.</strong></span> <span class='ocrx_word' id='word_1_349' title='bbox 791 2977 938 3019; x_wconf 79' lang='lat' dir='ltr'><strong>Georgii,</strong></span> <span class='ocrx_word' id='word_1_350' title='bbox 965 2989 1043 3021; x_wconf 83' lang='lat' dir='ltr'><strong>pag.</strong></span> <span class='ocrx_word' id='word_1_351' title='bbox 1060 2987 1117 3011; x_wconf 89' lang='lat'><strong>22.</strong></span> 
     </span>
     <span class='ocr_line' id='line_1_41' title="bbox 559 3035 905 3082; baseline 0.006 -14"><span class='ocrx_word' id='word_1_352' title='bbox 559 3035 687 3079; x_wconf 77' lang='lat' dir='ltr'><strong>110¹)cs.</strong></span> <span class='ocrx_word' id='word_1_353' title='bbox 717 3038 744 3068; x_wconf 76' lang='lat' dir='ltr'><strong>A</strong></span> <span class='ocrx_word' id='word_1_354' title='bbox 778 3044 905 3082; x_wconf 80' lang='lat'><strong>1,125.</strong></span> 
     </span>
    </p>
   </div>
   <div class='ocr_carea' id='block_1_7' title="bbox 1977 0 2023 1739">
    <p class='ocr_par' dir='ltr' id='par_1_12' title="bbox 1977 0 2023 1739">
     <span class='ocr_line' id='line_1_42' title="bbox 1977 0 2023 1739; baseline 0 0"><span class='ocrx_word' id='word_1_355' title='bbox 1977 0 2023 1739; x_wconf 95' lang='lat' dir='ltr'><strong> </strong></span> 
     </span>
    </p>
   </div>
   <div class='ocr_carea' id='block_1_8' title="bbox 2017 1711 2023 2352">
    <p class='ocr_par' dir='ltr' id='par_1_13' title="bbox 2017 1711 2023 2352">
     <span class='ocr_line' id='line_1_43' title="bbox 2017 1711 2023 2352; baseline 0 0"><span class='ocrx_word' id='word_1_356' title='bbox 2017 1711 2023 2352; x_wconf 95' lang='lat' dir='ltr'><strong> </strong></span> 
     </span>
    </p>
   </div>
   <div class='ocr_carea' id='block_1_9' title="bbox 2017 1735 2023 2352">
    <p class='ocr_par' dir='ltr' id='par_1_14' title="bbox 2017 1735 2023 2352">
     <span class='ocr_line' id='line_1_44' title="bbox 2017 1735 2023 2352; baseline 0 0"><span class='ocrx_word' id='word_1_357' title='bbox 2017 1735 2023 2352; x_wconf 95' lang='lat' dir='ltr'><strong> </strong></span> 
     </span>
    </p>
   </div>
  </div>
 </body>
</html>
