2023 3543
695 218 989 256 -17—

205 338 267 375 De
307 350 466 387 pagano
500 344 628 375 autem
663 337 837 386 quodam
874 350 942 374 usu
975 349 1062 374 cum
1097 349 1214 386 supra
1247 337 1366 375 verba
1413 336 1620 374 fecerimus

63 413 183 456 atque
238 408 450 446 viderimus
484 409 728 457 aliquantum
775 408 963 446 interesse
1011 407 1062 445 ad
1110 415 1276 445 aetatem
1310 408 1406 453 eius,
1441 407 1508 456 qui
1542 420 1620 444 am-

63 478 229 527 pliorem
253 479 580 517 commentarium
612 479 848 529 composuit,
869 479 1224 523 determinandam,
1259 488 1384 517 utrum
1409 479 1468 516 eh
1485 477 1620 517 risti-

69 562 206 588 anae
239 562 302 587 an
335 563 580 600 paganae
612 550 741 588 fidei
776 550 889 588 fuerit
911 550 1108 594 addictus,
1143 550 1220 587 iam
1244 562 1414 588 errorem
1438 549 1621 586 Thilonis

68 627 106 658 et
139 620 304 659 aliorum
338 622 508 659 virorum
541 622 748 659 doctorum
783 623 980 659 tollamus.

206 692 325 729 Thilo
342 693 446 730 enim
466 694 732 730 Burmannum
752 701 906 730 secutus
930 693 1153 742 complures
1176 692 1286 729 locos
1310 691 1552 729 enumeravit
1570 687 1620 746 ξ’2)

65 762 210 812 quibus
245 764 472 802 ostenderet
505 764 723 814 pleniorem
757 764 932 801 Servium
967 763 1221 801 christianum
1256 763 1388 800 fuisse.

211 835 323 872 Alter
371 843 502 873 autem
537 835 694 874 Servius
742 835 792 872 ab
841 835 1026 872 omnibus
1077 834 1168 871 viris
1217 834 1345 872 doctis
1378 846 1622 883 paganorum

64 917 230 943 numero
264 906 500 951 attribuitur,
535 907 644 943 cuius
678 906 732 943 rei
765 918 893 955 pauca
926 912 1157 955 argumenta
1190 905 1399 943 adscribo:
1434 906 1467 942 A
1496 919 1526 949 1,
1550 916 1621 953 70:

65 1005 74 1022 ,
94 1006 101 1015 .
124 1007 131 1014 .
156 976 307 1026 duplici
370 977 476 1014 enim
532 977 685 1014 ratione
752 977 908 1014 divinos
979 977 1149 1014 honores
1204 989 1408 1021 meremur,
1462 976 1623 1013 dearum

63 1047 252 1097 coniugio
302 1055 340 1086 et
387 1047 572 1085 convivio
605 1048 800 1085 deorum‘.
865 1049 1087 1097 A5,725:
1140 1048 1259 1093 ,nulla
1307 1054 1364 1085 est
1411 1047 1489 1084 vita
1536 1054 1626 1096 post

64 1115 325 1169 morteni‘.¹³3)
386 1119 435 1157 G.
467 1132 500 1165 1,
524 1130 598 1168 57:
635 1149 643 1165 ‚
671 1150 706 1157 ..
743 1119 848 1168 apud
882 1119 1059 1158 Sabaeos
1102 1126 1162 1156 tus
1194 1119 1380 1162 nascitur,
1415 1130 1495 1168 quo
1528 1119 1626 1156 deos

66 1191 298 1239 placamus.‘

207 1262 342 1310 Atque
376 1268 417 1298 ut
450 1261 500 1299 ad
534 1261 754 1310 pleniorem
789 1261 966 1299 Servium
1013 1268 1273 1306 transeamuS,
1321 1261 1432 1298 locos
1479 1273 1502 1298 a
1535 1260 1626 1298 Thi-

63 1332 170 1379 lone,
212 1340 252 1370 ut
300 1346 418 1382 supra
465 1332 560 1377 dixi,
611 1340 861 1371 enumeratos
906 1332 1218 1376 consideremus,
1253 1345 1346 1369 num
1395 1332 1491 1380 quid
1538 1332 1627 1369 saci·

64 1410 132 1442 ant
185 1405 236 1441 ad
284 1404 367 1442 eius
415 1404 646 1454 opinionem
697 1404 1028 1442 confirmandam.
1105 1405 1139 1440 A
1161 1416 1199 1449 4,
1224 1415 1323 1441 200:
1375 1408 1430 1447 ,πί
1473 1403 1627 1440 [lisimas

64 1475 188 1512 cotidie
238 1477 278 1512 in
325 1476 445 1525 officio
475 1488 558 1512 esse.
578 1477 588 1495 ‘
650 1475 780 1522 Quam
813 1475 1049 1513 sententiam
1075 1474 1106 1511 si
1137 1487 1159 1511 a
1199 1474 1414 1511 christiano
1453 1474 1626 1523 quodam

65 1547 285 1595 profectam
319 1560 404 1585 esse
430 1559 518 1584 cum
543 1546 715 1584 Thilone
748 1547 967 1592 statuimus,
1004 1546 1304 1595 interpretemur
1351 1558 1514 1583 necesse
1547 1552 1625 1583 cst:

69 1617 216 1666 triglich
270 1619 334 1656 bei
369 1619 438 1656 der
471 1619 603 1655 Messe
637 1617 733 1656 sein.
801 1619 883 1663 ,Est
915 1618 1021 1655 enim
1055 1617 1228 1654 officium
1265 1616 1446 1654 introitus
1482 1617 1628 1654 Missae

69 1690 132 1727 vel
165 1690 289 1727 Missa
322 1690 408 1739 ipsa
440 1689 560 1726 officii
597 1689 720 1726 divini
754 1702 841 1738 pars
875 1685 1178 1738 praecipuam).
1239 1688 1356 1736 Quae
1389 1688 1498 1726 vocis
1532 1688 1627 1730 ‚offi-

70 1760 186 1798 cium*
236 1761 473 1810 significatio
523 1760 646 1798 tribus
704 1760 803 1798 locis
851 1760 1059 1805 invenitur,
1110 1759 1180 1797 sed
1228 1759 1333 1797 idem
1396 1760 1627 1808 plerumque

69 1832 234 1869 vocibus
274 1832 440 1878 ,Missa',
483 1832 621 1877 ,Missa
661 1832 876 1870 sollemnis‘
931 1832 1098 1880 aliisque
1149 1831 1403 1879 significatur.
1470 1830 1628 1874 ,Officia

74 1910 203 1940 autem
239 1903 423 1940 dicuntur
455 1903 572 1941 etiam
609 1916 721 1940 sacra
754 1915 858 1952 quae
890 1915 913 1940 a
945 1902 1112 1952 paganis
1155 1902 1426 1939 sacerdotibus
1459 1902 1624 1951 ageban-

70 1970 220 2027 turf‘ffi)
286 1975 405 2012 Adde
437 1975 546 2023 quod
580 1975 682 2012 illud
716 1974 843 2023 ipsum
878 1974 930 2019 ,in
965 1974 1098 2011 officio
1132 1978 1230 2011 esse‘
1268 1973 1351 2019 ,der
1383 1974 1515 2010 Messe
1548 1973 1627 2010 bei-

70 2046 253 2083 wohnen‘
278 2058 473 2095 nusquam
499 2046 652 2095 legitur,
678 2057 797 2094 saepe
818 2052 949 2083 autem
972 2045 1161 2094 scriptum
1195 2044 1380 2093 legimus:
1402 2041 1453 2091 ⁹⁴³)
1487 2044 1539 2089 ,in
1573 2044 1627 2080 of-

70 2117 163 2155 ficio
196 2129 283 2155 esse
315 2135 371 2149 z:
404 2117 513 2156 seine
546 2117 686 2154 Pflicht
718 2117 842 2154 thun‘.

207 2189 295 2238 Jam
335 2189 450 2227 velim
485 2189 593 2226 nulla
632 2188 823 2237 opinione
857 2195 1110 2237 praesumpta
1143 2187 1378 2226 sententiam
1426 2186 1487 2224 cui
1520 2187 1627 2224 inne-

71 2273 160 2297 xum
203 2266 262 2298 est
309 2260 406 2298 illud
444 2290 452 2305 ‚
487 2260 526 2297 in
564 2260 712 2297 officio‘
761 2259 1003 2297 intueamur:
1054 2272 1282 2308 persuasum
1334 2259 1463 2296 habeo
1511 2258 1627 2296 nobis

71 2345 151 2369 non
185 2339 263 2369 tam
291 2332 521 2370 vertendum
573 2341 682 2368 esse:
720 2332 828 2375 ,Man
866 2343 971 2367 muss
996 2331 1084 2378 Tag
1117 2331 1196 2367 und
1222 2330 1353 2367 Nacht
1374 2330 1479 2367 beim
1505 2331 1630 2366 Feuer

71 2404 251 2447 wachen,
301 2403 372 2441 wie
415 2403 483 2440 wir
530 2415 650 2451 sagen
699 2402 845 2450 taglich
895 2402 965 2439 der
1012 2403 1142 2439 Messe
1187 2401 1436 2438 beiwohnen‘
1487 2413 1626 2449 quam:

72 2475 156 2521 ,wie
179 2475 247 2512 wir
268 2487 404 2524 sagen,
423 2473 569 2524 ta'glich
587 2474 696 2511 seine
716 2473 855 2511 Pflicht
872 2473 967 2524 thun
993 2473 1052 2510 vel
1071 2480 1163 2510 stets
1183 2473 1253 2510 auf
1271 2473 1360 2510 dem
1388 2474 1492 2510 Piatz
1514 2473 1626 2510 sein‘.

211 2696 254 2740 92)
281 2699 385 2730 Thilo
410 2699 463 2732 ed.
491 2699 581 2730 Serv.
611 2698 636 2735 Ι,
669 2708 701 2739 p.
730 2697 906 2729 LXXVII.

212 2756 254 2803 ⁹³)
282 2758 325 2789 cf.
354 2758 394 2790 E.
423 2758 564 2795 Teuber,
595 2758 636 2789 de
649 2757 751 2789 Servii
767 2757 832 2787 vita
850 2763 880 2788 et
907 2755 1163 2799 commentariis,
1188 2755 1320 2788 Rreslau
1347 2755 1446 2797 1843,
1475 2766 1551 2798 pag.
1575 2764 1626 2797 13.

212 2816 254 2858 ⁹⁴)
282 2817 325 2849 cs.
361 2818 534 2859 Ducange,
557 2828 583 2848 s.
605 2828 637 2848 v.

212 2875 255 2917 ⁹⁵)
282 2877 326 2908 cs.
355 2877 527 2918 Ducange‚
559 2888 584 2911 s,
613 2887 644 2907 v.
674 2878 749 2908 etA
776 2885 810 2917 4,
838 2883 916 2916 509.

211 2934 255 2978 ⁹⁶)
283 2936 355 2968 Cic.
377 2937 417 2967 ad
448 2936 525 2968 fam.
561 2945 610 2974 14,
638 2943 722 2977 1,5;
761 2942 810 2976 15,
833 2944 894 2970 20;
940 2935 1012 2966 Liv.
1043 2935 1076 2978 8,
1101 2944 1152 2974 ¹9·
1195 2935 1235 2968 cf.
1264 2935 1355 2966 Serv.
1384 2935 1425 2966 ad
1454 2936 1481 2965 A
1509 2943 1543 2973 4,
1567 2943 1628 2975 ¹33

72 2996 198 3042 ‚officio
224 2996 365 3030 adesse&
392 3003 424 3027 et
451 2997 543 3027 Serv.
573 2995 615 3026 ad
643 2996 672 3026 A
699 2995 805 3039 8‚273
836 2995 882 3039 ,in
901 2994 1047 3027 -officio‘.
