2023 3543
773 242 1070 282 -51-

284 363 364 401 Sed
396 362 496 401 haec
529 358 792 413 hactenus55).
856 362 1042 400 Vidimus
1086 362 1202 412 igitur
1245 362 1478 412 saepissime
1515 361 1705 412 plenioris

141 433 264 471 Servii
297 434 428 472 verbis
470 435 502 472 si
548 447 706 472 sensum
741 441 966 484 spectamus
999 446 1073 471 nos
1106 433 1271 470 omnino
1305 447 1386 471 non
1420 447 1538 483 posse
1570 445 1704 470 carere

139 512 206 542 aut
239 504 479 553 quibusdam
520 505 570 543 de
615 503 744 542 causis
790 504 968 542 ciusdem
1002 504 1124 542 verba
1166 504 1417 542 inferioribus
1461 504 1705 553 temporibus

139 575 310 613 breviori
343 576 632 614 commentario
665 575 760 613 addi
792 588 874 612 non
908 575 1096 624 potuisse.
1147 577 1280 624 Atque
1306 575 1337 612 si
1362 576 1399 612 in
1425 582 1481 612 tot
1503 575 1602 612 locis
1624 587 1705 611 non

138 653 218 684 tam
253 647 303 685 de
336 647 525 696 plenioris
559 647 681 685 Servii
716 646 1000 685 additamentis
1032 659 1150 695 quam
1175 647 1226 684 de
1259 646 1463 684 sententiis
1497 646 1707 694 verbisque

107 728 110 731 ⁴
140 730 164 755 a
195 718 376 756 breviore
399 717 537 756 Servio
570 719 828 767 neglegenter
850 717 1005 755 omissis
1030 718 1093 766 agi
1116 725 1264 755 certum
1289 724 1358 762 est,
1393 724 1523 755 cetera
1546 729 1707 766 quoque

119 795 417 838 'quaecumque
454 789 643 838 plenioris
684 796 773 826 sunt
806 789 902 838 quin
935 788 1072 827 omnia
1104 789 1275 827 eundem
1317 789 1355 826 in
1399 789 1561 826 modum
1606 788 1707 826 acci-

138 859 287 909 pienda
318 860 407 908 sint,
442 860 624 899 dubitare
657 874 738 899 non
771 857 931 915 licet56).

282 933 407 970 Recte
430 944 524 981 ergo
547 931 785 981 colligimus,
810 932 1094 982 pleniorem
1120 931 1343 970 Servium
1368 938 1434 969 aut
1462 932 1709 979 exemplar

139 1003 476 1052 archetypum
511 1015 619 1040 cum
651 1003 886 1052 amplius
919 1011 1019 1040 tum
1053 987 1278 1052 planius
1311 1002 1564 1039 breviore
1598 1002 1706 1038 Ser-

139 1073 224 1111 vio
257 1087 504 1112 servasse
549 1082 614 1112 aut
658 1074 865 1112 fontem
911 1081 1076 1123 atque
1122 1082 1406 1111 auctorem
1440 1085 1708 1110 commen-

139 1145 266 1184 tarii
313 1146 370 1183 ab
410 1145 514 1183 illo
555 1145 847 1184 decurtati
886 1145 1083 1190 fuisse,
1134 1145 1242 1194 quod
1275 1144 1371 1182 mihi
1406 1144 1532 1193 magis
1565 1143 1710 1181 arridet

139 1229 271 1266 neque
303 1217 489 1265 cuiquam
531 1217 671 1254 mirum
704 1216 914 1255 videbitur.
981 1218 1269 1265 Quoscumque
1318 1215 1424 1253 enim
1467 1214 1707 1252 scholiorum

139 1289 201 1326 vel
240 1288 489 1326 historiarum
536 1288 658 1326 libros
696 1295 846 1326 veteres
891 1288 1133 1337 inspexeris,
1186 1300 1324 1325 omnes
1364 1287 1413 1324 ab
1459 1286 1709 1323 inferioribus

140 1359 398 1409 scriptoribus
431 1360 657 1398 decurtatos
691 1359 882 1405 invenies,
917 1360 997 1397 fere
1029 1371 1248 1407 numquam
1282 1358 1558 1407 amplificatos.

285 1557 327 1601 ⁵⁵)
353 1559 395 1590 cs.
426 1560 501 1597 A4‚
537 1560 622 1598 187:
655 1559 688 1602 8,
720 1565 806 1598 727;
839 1558 930 1594 Thil.
961 1558 1028 1589 vol.
1058 1558 1088 1589 ΙΙ
1116 1568 1194 1599 pag.
1225 1565 1290 1597 305
1317 1556 1415 1592 adn.;
1454 1565 1505 1594 ιι,
1536 1557 1615 1590 622,

286 1617 328 1661 ⁵⁶)
355 1619 435 1650 Item
466 1619 627 1660 colligunt
654 1619 685 1649 in
722 1618 795 1649 aliis
821 1618 918 1649 rebus
944 1617 1047 1648 Thilo
1074 1628 1151 1658 pag.
1181 1617 1275 1648 XXV
1302 1623 1334 1647 ct
1361 1616 1498 1656 Georgii
1525 1626 1602 1656 pag.
1645 1615 1705 1650 &13

146 1678 179 1709 in
206 1678 269 1709 hac
295 1683 404 1710 autem
431 1689 464 1710 re
491 1678 579 1710 idem
607 1678 683 1709 feeit
711 1678 758 1708 Η.
788 1677 977 1718 Nettlcship
1003 1687 1080 1718 pag.
1114 1678 1197 1715 169:
1241 1676 1304 1713 „tf
1326 1676 1357 1705 in
1385 1687 1476 1706 some
1505 1686 1606 1710 cases,
1637 1674 1712 1714 why

146 1743 205 1769 not
231 1738 262 1768 in
287 1736 402 1769 all?!·‘
457 1738 521 1778 Qui
549 1742 581 1769 et
607 1738 676 1778 ipse
703 1748 743 1768 eo
770 1736 919 1778 pervenit
945 1741 979 1767 ut
1005 1736 1183 1767 affirmaret
1210 1747 1266 1777 pg.
1301 1742 1375 1776 154,
1407 1735 1525 1765 codem
1554 1734 1619 1764 iure
1646 1744 1711 1774 quo

146 1797 286 1828 breviori
319 1797 574 1828 commentatori
600 1796 704 1828 Servii
742 1807 864 1827 nornen
903 1796 1094 1826 tribueretur
1135 1796 1238 1826 etiam
1277 1794 1417 1836 pleniori
1454 1794 1564 1824 addici
1602 1803 1710 1833 posse.

149 1857 256 1898 Atque
296 1856 362 1887 alio
406 1856 481 1888 loco
520 1857 703 1897 suspicatur
740 1854 900 1896 plenioris
939 1860 1036 1896 atque
1074 1855 1235 1886 brevioris
1273 1854 1375 1885 Servii
1416 1854 1515 1883 verba
1563 1853 1711 1883 eiusdem

146 1916 276 1957 generis
296 1926 366 1947 esse
394 1922 491 1956 atque
517 1915 600 1946 inter
624 1926 658 1946 se
684 1925 862 1956 congruere
897 1914 1019 1956 (,‚tliey
1047 1925 1100 1944 are
1125 1914 1434 1954 hornogeneous‘⁴).
1502 1915 1610 1953 Quam
1641 1923 1709 1942 rem

148 1986 167 2006 a
191 1975 289 2007 nobis
315 1974 417 2010 firmis
441 1974 602 2015 exemplis
626 1974 743 2006 sultam
769 1974 887 2005 habes.
