2023 3543
52 238 62 278 .“
102 258 155 294 ,ju
808 249 858 282 50

19 399 20 402 ,
76 406 86 410 .,
113 359 283 399 'brevior
315 351 474 398 Servius
507 361 781 409 personaliter,
828 363 983 411 plenior
1024 365 1339 414 impersonaliter
1377 370 1509 408 dicere
1547 383 1604 408 so—

14 425 19 460 l
44 427 219 487 f‘fet¹⁷),
284 430 448 468 Thiloni
495 438 623 468 autern
671 445 759 469 cum
806 435 861 471 rei
906 442 1045 472 natura
1089 449 1263 485 pugnare
1304 440 1457 478 videtur
1498 442 1606 490 quod

12 490 17 518 Ἃ
44 496 58 526 ,¹
67 503 146 542 ibri
168 502 345 552 ‘scriptor
377 502 520 551 aliquis
545 502 873 552 impersonaliter,
911 506 1088 544 eiusdem
1122 509 1318 547 breviator
1350 513 1608 560 personaliter

10 601 11 605 =
47 575 165 622 sdixit,
213 587 265 613 ne
310 574 398 623 quis
444 574 564 618 dicat,
614 575 835 613 breviorem
881 578 1071 623 Servium,
1117 592 1205 617 cum
1250 590 1446 620 auctorem
1493 596 1605 620 suum

8 640 10 665 ἶ
52 647 273 698 pleniorem
298 645 475 684 Servium
508 651 565 693 ,ut
588 645 737 683 dictum
762 654 830 691 est,
864 648 1037 686 locutum
1060 650 1222 695 videret,
1257 652 1452 690 varietatis
1475 654 1604 692 studio

28 718 300 770 [com-motum
331 717 542 754 formulam
583 724 637 762 ,ut
679 717 861 755 diximus‘
906 732 1126 769 usurpasse,
1172 731 1212 759 ut
1256 723 1373 760 etiam
1408 725 1603 772 personali

4 800 6 807 '
35 778 103 829 sea
133 789 361 829 elocutione
392 788 568 838 speciem
600 788 709 825 docti
743 796 861 838 atque
894 792 1033 828 eruditi
1076 793 1245 830 hominis
1278 807 1372 843 prae
1405 808 1445 832 se
1479 796 1602 833 ferret.

195 863 383 899 Attamen
427 871 573 898 censeo
636 872 774 898 omnes
820 874 1076 900 concessuros
1125 876 1210 902 esse
1255 866 1396 903 eodem
1442 865 1522 904 iure
1567 875 1605 903 ut

1 919 3 941 ἒ
43 933 306 985 ’personalem
339 931 394 970 ita
437 931 746 981 impersonalem
793 933 1058 972 elocutionem
1108 936 1319 985 praecipue
1363 937 1401 974 in
1446 937 1604 975 scholiis

38 991 233 1055 *undique
264 1003 421 1042 collatis
454 1003 576 1053 ipsius
609 1003 811 1052 scriptoris
844 1005 982 1043 haberi
1015 1019 1152 1055 posse:
1188 1007 1237 1045 de
1270 1007 1315 1044 iis
1351 1009 1455 1045 enirn
1491 1009 1604 1045 rebus

30 1083 202 1116 ÷certum
249 1075 440 1115 iudicium
483 1087 602 1112 nenio
645 1087 835 1124 umquam
868 1077 1052 1125 proferet.
1118 1079 1285 1116 Accedit
1327 1087 1454 1117 autem
1497 1080 1604 1128 quod

54 1161 160 1199 quae
191 1147 312 1186 Thilo
343 1147 554 1186 affirmavit
593 1147 758 1184 omnino
798 1155 903 1185 certa
935 1161 1016 1186 non
1050 1157 1159 1187 sunt:
1203 1152 1238 1186 A
1265 1162 1299 1199 5,
1335 1153 1416 1198 498
1451 1151 1606 1188 brevior

43 1220 212 1272 §essius
244 1218 400 1269 scripsit
433 1217 497 1262 ‚de
529 1230 608 1267 quo
642 1218 764 1256 verbo
798 1219 951 1268 plenius
975 1220 1114 1257 dicturi
1147 1233 1278 1258 sumus
1299 1221 1366 1258 illo
1399 1226 1602 1267 versu...‘,

35 1276 361 1351 fflfim'plenior,
395 1290 466 1328 sed
499 1302 572 1339 pro
607 1289 762 1337 ,dicturi
795 1295 941 1328 surnus‘
989 1292 1153 1335 ,‘dicitur
1201 1293 1332 1335 habet,
1381 1305 1496 1341 quam
1530 1292 1603 1329 dis-

39 1360 301 1415 «τρῶίιῒίβῐιι
333 1362 427 1400 inde
460 1362 580 1399 Thilo
613 1362 755 1411 repetit
788 1363 912 1411 ‚quod
945 1363 1132 1412 plenioris
1169 1363 1440 1401 commentarii
1470 1370 1606 1400 auctor

270 1441 312 1472 ut
342 1434 492 1472 dudum
527 1434 713 1471 absoluto
761 1434 957 1472 utebatur‘
1001 1447 1129 1484 neque
1174 1435 1321 1484 cogitat
1365 1435 1474 1472 aliter
1517 1446 1602 1471 eam

35 1499 85 1550 'va
126 1482 257 1545 ficari
288 1517 420 1556 posse,
469 1518 714 1554 quamquam
761 1506 879 1543 etiarn
925 1506 964 1543 in
1011 1506 1199 1544 brevioris
1233 1506 1354 1543 Servii
1402 1505 1508 1542 libris
1550 1505 1603 1542 in-

74 1593 82 1600 *
104 1518 275 1629 §immun
309 1590 412 1626 quae
445 1577 764 1627 impersonaliter
795 1577 903 1615 dicta
935 1578 1011 1615 sint
1045 1585 1097 1623 ,ut
1130 1579 1165 1615 A
1194 1591 1226 1622 1,
1262 1589 1366 1625 431:
1414 1577 1531 1625 ,quod
1565 1576 1603 1613 in

67 1659 138 1691 ejua
227 1647 516 1698 'georgicorum
560 1648 700 1686 melius
741 1649 982 1698 intelligitur‘
1023 1657 1061 1687 et
1095 1652 1116 1687 8
1123 1651 1218 1698 ,526
1257 1657 1308 1692 ,ut
1340 1648 1378 1685 in
1411 1648 1602 1697 georgicis

74 1706 82 1712 ι
157 1717 167 1729 ”
230 1724 304 1758 ur‘.
365 1721 500 1769 Atque
531 1727 573 1758 ut
604 1721 682 1758 hoc
714 1721 768 1758 ita
798 1721 877 1758 alia
909 1722 1091 1770 exempla
1122 1721 1216 1758 satis
1250 1720 1398 1758 incerta
1430 1727 1530 1756 sunt.

0 1855 23 1930 ζ
58 1840 194 1909 tinent,
227 1863 341 1902 aliter
370 1877 432 1902 res
465 1877 507 1902 se
539 1865 662 1903 habet
694 1864 734 1902 in
766 1865 1051 1915 posterioribus
1085 1871 1234 1913 septem
1268 1865 1300 1900 A
1332 1873 1476 1911 1,157
1514 1874 1601 1910 sqq.

0 1938 11 1969 ,’
58 1935 96 1972 A
112 1948 156 1980 ι,
183 1946 268 1989 157
307 1935 413 1973 enim
448 1943 502 1981 ,ιιι
534 1948 653 1985 supra
684 1936 834 1974 dictum
864 1940 933 1974 est‘
967 1948 1048 1973 non
1081 1935 1202 1972 modo
1225 1934 1270 1979 C,
1305 1934 1374 1971 sed
1406 1933 1523 1970 etiam
1549 1933 1601 1975 M,

58 2006 191 2068 uttips
235 2007 355 2045 Thilo
389 2006 498 2053 dicit,
530 2008 676 2049 habet:
711 2021 788 2058 qua
812 2021 852 2046 re
875 2008 951 2045 hoc
975 2014 1244 2056 argumentum
1269 2005 1344 2042 iam
1368 2004 1464 2041 nihil
1486 2003 1601 2052 riget

127 1770 281 1843 &Etsi
315 1791 420 1830 enim
452 1805 543 1842 pag.
578 1793 674 1830 XIV
707 1792 839 1842 priora
869 1806 1013 1831 novem
1044 1795 1080 1830 A
1110 1806 1147 1841 3,
1185 1803 1382 1840 70-——550
1415 1791 1489 1828 huc
1521 1803 1602 1839 per-

0 2069 182 2169 i>Porro
277 2093 310 2124 1,
350 2092 426 2128 231
463 2079 560 2117 illud
596 2087 649 2125 ,ut
682 2080 830 2118 dictum
865 2083 934 2117 est‘
968 2093 1049 2117 non
1082 2078 1267 2128 plenioris
1301 2075 1405 2114 Serx
1398 2089 1421 2112 ιι
1457 2075 1499 2119 C,
1535 2074 1603 2111 sed

1 2185 4 2193 ,
59 2149 108 2187 br
131 2149 196 2186 vio
239 2163 257 2188 s
299 2149 390 2187 libri
431 2151 463 2187 B
505 2158 542 2189 et
585 2152 628 2188 M
659 2151 822 2189 habent.
886 2150 985 2188 Aliis
1027 2150 1124 2187 locis
1167 2162 1187 2186 a
1228 2148 1398 2185 Thilone
1439 2146 1605 2183 laudatis

0 2233 1 2239 ¹
59 2220 199 2259 frutra
240 2222 482 2271 quaesiveris
514 2222 781 2260 revocationis
814 2223 1034 2265 formulam,
1081 2229 1121 2258 ιιι
1154 2222 1185 2258 Α
1216 2234 1248 2263 ι,
1285 2221 1386 2267 665:
1437 2231 1472 2262 2,
1510 2218 1603 2266 562.

0 2243 11 2333 i
61 2294 95 2331 A
122 2291 156 2347 ὲ,
195 2272 255 2343 zoi]
276 2301 408 2332 autem
441 2300 479 2332 et
512 2307 550 2341 4,
587 2295 666 2342 672
704 2294 823 2331 Thilo
855 2306 934 2331 non
974 2292 1188 2335 adnotavit,
1239 2299 1276 2328 ut
1321 2291 1449 2327 facere
1494 2289 1604 2334 solet,

0 2371 10 2384 ’
59 2364 276 2421 pleniorem
307 2365 521 2403 lectionem
554 2365 740 2403 recedere
772 2377 795 2402 a
818 2364 1007 2401 brevioris
1031 2363 1153 2401 Servii
1190 2370 1241 2407 ,ut
1274 2361 1455 2398 diximus¹
1491 2368 1606 2407 atque

34 2437 84 2474 :2
164 2449 215 2483 42
252 2423 290 2475 iit
321 2436 502 2485 pleniore
535 2436 675 2474 codice
708 2444 914 2484 utramque
944 2436 1150 2472 formulam
1175 2433 1454 2471 desideramus
1519 2430 1605 2466 Alia

12 2559 14 2562 .
61 2423 192 2562 ειιιζιῑι
217 2487 398 2565 exempla
427 2508 560 2549 insunt
582 2508 622 2545 in
647 2508 837 2545 Seniano
861 2506 1148 2544 commentario
1172 2517 1272 2554 quae
1294 2504 1411 2552 plane
1434 2508 1613 2551 pugnant.

17 2576 110 2616 ‘icti
183 2578 364 2619 Thilo'mis
398 2580 607 2630 opinione.
657 2580 822 2629 legimus
870 2579 975 2616 enim
1026 2578 1065 2614 in
1108 2575 1294 2626 plenioris
1334 2573 1456 2611 Servii
1499 2572 1606 2609 libris

23 2678 31 2706 3
63 2563 175 2710 ,sigiit
206 2663 321 2701 supra
353 2652 536 2690 diximus‘
572 2651 621 2700 (A
648 2665 683 2696 2,
715 2662 813 2700 1523
848 2664 885 2696 4,
915 2651 1019 2694 246;
1060 2662 1122 2692 10,
1154 2647 1261 2692 164³.
1327 2645 1419 2692 Quo
1452 2642 1607 2681 accedit

24 2716 171 2772 T'qtlod
203 2723 344 2761 usitata
377 2724 565 2773 plenioris
598 2723 720 2760 Servii
755 2721 916 2759 dicendi
950 2720 1048 2758 ratio
1083 2727 1139 2756 est
1183 2730 1263 2754 non
1306 2715 1429 2763 magis
1470 2714 1607 2762 imper-

61 2794 250 2844 sonaliter
272 2807 391 2844 quam
414 2795 674 2845 personaliter
695 2793 816 2843 loqui,
842 2793 946 2830 velut
968 2793 1004 2829 A
1035 2805 1068 2836 1,
1104 2802 1200 2836 414,
1237 2801 1332 2836 432,
1371 2797 1466 2836 505,
1502 2786 1604 2832 637;

14 3055 15 3061 ,
41 3006 57 3064 l
205 3028 246 3075 ¹⁷)
273 3031 388 3071 Thno,
414 3042 491 3074 pag.
519 3030 611 3063 xri:
