2023 3543
747 231 1148 266 *29*-

111 349 239 400 ignari
271 356 403 388 essent
434 348 595 398 reginae
628 344 809 395 amoris‘3)
843 355 961 397 atque
995 360 1110 385 verae
1143 348 1327 386 sacrificii
1363 361 1507 386 causae
1540 350 1675 386 nescii.

113 422 210 460 Sola
242 421 347 458 enim
370 422 488 458 Anna
522 418 692 456 Didonis
726 430 838 456 soror
870 427 1034 456 noverat
1068 420 1228 467 reginae
1263 419 1503 463 ,flammam‘.
1573 422 1677 468 Ergo

112 493 217 530 totus
264 492 330 530 ille
373 493 484 529 locus
527 497 565 528 et
596 489 844 527 brevioribus
878 497 915 526 et
948 490 1192 538 plenioribus
1226 490 1336 527 libris
1369 503 1489 527 manu
1524 491 1677 540 scriptis

113 570 318 613 corruptus
350 563 402 601 ad
433 575 508 600 nos
540 560 717 611 pervenit
755 573 887 609 neque
925 561 1138 609 quicquam
1174 562 1302 605 refert,
1336 569 1462 598 utrum
1497 562 1676 610 pleniora

113 648 138 673 a
167 635 415 673 brevioribus
448 634 703 683 seiungantur
721 644 796 670 nec
829 644 892 677 ne,
927 645 1015 669 cum
1049 632 1184 669 vitium
1219 632 1316 669 illud
1352 632 1432 681 ‚qui
1465 633 1677 670 admonue-

265 708 275 723 6

111 713 226 746 runt.
249 737 256 744 .
306 718 386 744 non
420 706 590 743 tollatur.

256 780 291 816 A
316 780 353 824 8,
394 787 496 826 173:
533 778 692 824 ,Annua
726 787 828 824 quae
861 775 1017 812 differre
1041 773 1163 824 nefasf
1193 775 1461 812 anniversaria
1484 774 1677 812 sacrificia

113 851 157 888 id
191 856 244 888 est
283 850 487 893 sollemnia,
529 848 622 886 ideo
666 859 748 884 non
795 846 1038 891 differuntur,
1089 846 1183 894 quia
1222 858 1296 883 nec
1330 846 1458 883 iterari
1494 854 1675 894 possunt.

113 921 294 959 Sollemne
338 926 460 958 autem
505 921 572 957 [τοί
599 931 672 956 esse
703 919 778 967 [pff
808 919 867 954 ait
899 917 1005 966 ‚forle
1037 916 1093 953 die
1124 917 1329 953 sollemnem
1363 917 1426 953 illo
1457 930 1525 953 rex
1557 918 1679 954 Arcas

112 994 317 1031 lzonorem‘.
381 992 484 1030 Nam
519 989 752 1028 kalendaria
785 989 814 1026 si
850 1000 930 1037 qua
963 987 1105 1025 fuerint
1138 987 1291 1024 ratione
1324 988 1460 1032 dilata,
1511 996 1677 1036 possunt

113 1065 250 1115 repeti,
300 1076 375 1102 nec
409 1063 610 1113 piaculum
645 1074 780 1099 eorum
815 1059 1107 1097 intermissione
1140 1058 1409 1096 committitur.
1475 1058 1575 1096 Sane
1616 1060 1683 1096 lma·

113 1148 260 1174 sacrum
283 1135 470 1184 pollutum
503 1138 669 1177 vocatur,
702 1132 805 1182 quod
823 1131 963 1180 populo
994 1131 1106 1167 annis
1137 1130 1294 1176 singulis-
1326 1130 1471 1167 luitur‘.

257 1207 443 1245 Pleniora
488 1205 608 1243 Thilo
662 1217 752 1242 cum
807 1203 989 1241 breviora
1043 1214 1296 1250 corrumpere
1356 1201 1592 1246 viderentur,
1641 1209 1681 1239 ut

113 1279 387 1318 additamenta
418 1277 667 1327 segreganda
690 1289 775 1314 esse
798 1275 837 1312 in
862 1274 1107 1324 praefatione
1131 1273 1295 1310 monuit.
1348 1273 1489 1322 Neque
1512 1274 1676 1310 seclusis

112 1351 357 1401 plenioribus
401 1348 531 1387 verbis
580 1360 685 1397 nego
733 1346 923 1385 brevioris
966 1345 1090 1383 Servii
1133 1345 1254 1382 verba
1298 1345 1473 1393 paullulo
1511 1345 1677 1381 clariora

113 1435 213 1461 esse.
247 1423 434 1460 Attamen
450 1420 523 1459 etsi
538 1420 666 1458 minus
682 1418 1019 1469 placethaecillis,
1034 1425 1139 1455 certe
1152 1429 1231 1454 non
1247 1428 1364 1453 sensu
1379 1423 1485 1453 caret
1503 1416 1680 1453 diffusior

112 1493 340 1544 explicatio.
386 1493 505 1541 Quae
528 1504 595 1529 cur
619 1504 667 1529 ex
699 1490 881 1528 breviore
914 1496 1100 1538 corrupta
1134 1500 1220 1526 esse
1253 1487 1470 1525 iudicanda
1502 1487 1563 1532 sit,
1598 1500 1678 1524 non

113 1566 244 1604 video.
309 1567 479 1603 Possunt
513 1563 618 1602 enim
643 1569 829 1611 excerpta
852 1561 907 1599 eis
931 1560 1101 1598 clariora
1124 1572 1222 1603 esse,
1257 1571 1305 1596 ex
1327 1559 1470 1607 quibus
1494 1566 1680 1607 excerpta

114 1645 216 1676 sunt.
270 1637 457 1675 Ceterum
481 1633 878 1673 commemoraverim
904 1632 998 1669 illud
1036 1631 1216 1676 ‚sollemne
1234 1653 1285 1657 —
1306 1632 1491 1667 honorem‘
1527 1638 1681 1679 praeter

115 1709 412 1747 Floriacensem
447 1707 585 1757 (plen.)
618 1706 800 1744 codicem
833 1705 950 1742 etiam
986 1703 1203 1741 editionem
1228 1701 1420 1751 Stephani
1453 1714 1556 1750 quae
1589 1709 1680 1739 ante

115 1781 315 1831 pleniores
347 1779 471 1816 libros
504 1778 634 1816 editos
667 1783 803 1814 curata
837 1773 931 1826 est³)
964 1775 1123 1812 habere.

258 1850 359 1888 Aliis
391 1849 490 1887 locis
522 1848 629 1886 idem
663 1847 782 1884 Thilo
828 1846 963 1884 docuit
1009 1844 1374 1889 coniunctionibus,
1421 1843 1678 1881 rationalibus

115 1921 348 1974 praesertim
381 1927 418 1959 et
450 1920 690 1964 causalibus,
725 1919 858 1967 inepte
891 1917 1099 1955 amborum
1125 1916 1349 1954 Serviorum
1372 1916 1492 1952 verba
1526 1928 1677 1952 conexa

117 2007 219 2039 esse,
270 2000 312 2031 ut
344 2004 445 2042 quae
479 1991 519 2029 in
553 1990 776 2029 Danielinis
809 1989 919 2027 libris
967 1988 1068 2025 inter
1100 2000 1142 2025 se
1189 1987 1404 2024 coniuncta
1448 1994 1550 2031 sunt,
1598 1999 1678 2023 non

116 2072 279 2117 possent
312 2064 368 2102 sic
401 2063 440 2100 in
474 2062 639 2111 antiquo
673 2062 808 2110 aliquo
841 2059 1128 2098 commentario
1163 2059 1377 2096 coniuncta
1409 2055 1577 2107 fuisse⁴).
1613 2057 1678 2094 Vi-

117 2139 282 2176 deamus
307 2136 424 2186 igitur
455 2136 576 2173 haec:

259 2210 295 2246 A
323 2221 356 2253 1,
395 2221 445 2244 20
481 2213 587 2244 recte
618 2205 718 2243 vidit
740 2204 861 2242 Thilo
894 2203 1084 2253 coniungi
1107 2203 1146 2240 in
1171 2202 1406 2240 Cassellano
1441 2201 1558 2251 plane
1587 2214 1676 2238 con-

116 2281 254 2320 trarias
299 2278 645 2329 interpretationes
697 2276 982 2314 coniunctione
1031 2279 1154 2324 ,ergo'
1201 2273 1446 2323 interposita,
1496 2281 1535 2310 ut
1579 2274 1678 2310 haec

117 2352 227 2390 illam
259 2351 522 2397 ,confirmare‘
558 2349 751 2393 videatur,
786 2348 895 2396 quod
928 2354 1034 2385 certe
1067 2346 1150 2383 fieri
1184 2358 1263 2382 non
1299 2345 1437 2394 potuit.
1504 2345 1595 2392 Qua
1627 2345 1678 2381 de

117 2436 238 2462 causa
282 2423 348 2460 ille
393 2423 555 2460 alteram
600 2419 836 2458 sententiam
888 2431 911 2456 a
955 2419 1041 2455 solo
1086 2418 1265 2466 pleniore
1311 2417 1448 2454 Servio
1490 2416 1675 2464 scriptam

117 2497 302 2534 lemmate
336 2493 540 2540 ,audierat‘
574 2492 714 2529 iterato
738 2491 932 2528 seclusam
966 2489 1143 2539 scripsit:
1178 2496 1296 2537 atque
1319 2501 1422 2531 cum,
1456 2487 1676 2536 quomodo-

259 2716 286 2763 Ξ)
306 2719 474 2760 ,Ignaros‘
504 2728 563 2759 pro
610 2716 775 2759 ‚ignarae‘
793 2714 1000 2746 scribendum
1018 2720 1115 2755 atque
1139 2718 1244 2755 ‚ergo‘
1273 2711 1450 2743 delendum
1480 2721 1550 2742 esse
1583 2717 1674 2752 puto.

120 2779 276 2811 Ceterum
302 2778 460 2820 plenioris
487 2777 589 2809 Servii
630 2776 738 2806 verbis
767 2775 914 2818 ‚ignaros
951 2774 1085 2804 ainnris‘
1115 2785 1222 2804 carere
1259 2784 1324 2803 tion
1364 2782 1549 2812 possumus,
1583 2771 1671 2812 quod

81 2881 84 2884 *
120 2839 153 2870 in
187 2839 337 2870 breviore
375 2837 615 2869 commentario
654 2834 809 2865 contrarii
849 2834 973 2875 aliquid
1011 2844 1124 2864 eorum
1158 2844 1242 2874 quae
1292 2832 1491 2862 antecedunt
1531 2830 1676 2872 ‚nesci-‚s

122 2898 317 2930 futurorum·
346 2897 583 2928 desideramus.

263 2954 289 3001 ³)
317 2956 359 2990 cf.
386 2956 501 2993 Thilo,
534 2966 610 2997 pag.
639 2954 763 2988 XCIII.

263 3013 292 3061 ⁴)
319 3015 363 3049 cf.
392 3015 507 3060 Thilo,
537 3025 618 3058 pag.
646 3014 740 3046 VIII.
