2023 3543
943 264 1238 305 ψῃ..

312 388 420 438 pium
474 387 632 425 molitur
674 389 876 424 armatus!
949 387 1083 434 Atque
1128 391 1169 422 ut
1218 396 1265 422 ea
1313 381 1511 422 sententia
1556 383 1815 434 neglegenter
1853 395 1878 420 a

312 460 492 498 breviore
526 459 661 497 Servio
695 458 842 507 scripta
874 464 944 501 est,
980 456 1032 493 ita
1066 456 1164 493 haec
1198 467 1380 503 quoque:
1415 456 1451 492 A
1480 469 1542 501 11,
1592 456 1697 504 367:
1735 455 1877 500 ‚Deso-

312 531 476 568 lavimus
509 526 636 582 agros]
671 529 731 566 vel
764 529 858 566 dum
900 527 1137 565 occiduntur
1170 527 1408 574 agricultores
1452 527 1514 564 vel
1547 527 1640 564 dum
1682 526 1887 575 coguntur

313 602 365 639 ad
413 601 612 638 militiam:
662 613 755 637 nam
808 599 976 648 legimus
1026 606 1076 643 ,et
1121 598 1223 635 latos
1271 604 1428 635 vastant
1476 597 1697 635 cultoribus
1731 600 1875 646 agros‘.

314 673 610 721 ,Agrii-'ultores‘
651 672 754 709 enim
790 671 857 719 qui
897 669 1104 716 deleverit,
1149 669 1227 706 iam
1260 681 1342 706 non
1381 668 1614 718 perspiciet,
1655 675 1782 706 utrum
1827 668 1878 705 de

312 744 411 792 iugis
444 743 565 780 boum
611 743 671 780 vel
715 754 909 791 equorum
951 754 1001 778 an
1046 741 1096 778 de
1144 740 1330 790 agricolis
1375 740 1543 786 dicatur,
1587 739 1752 777 omnino
1795 752 1876 777 non

312 814 475 859 videbit,
511 814 607 863 quid
640 814 715 851 sibi
747 813 914 851 voluerit
947 812 1105 850 brevior
1137 812 1306 850 Servius.

456 886 665 934 Sequentis
714 885 792 923 loci
840 885 888 931 (A
914 898 976 929 11,
1015 881 1118 938 590)
1165 884 1269 921 hanc
1319 884 1446 921 solam
1493 883 1680 921 adscribo
1724 889 1877 932 partem

315 969 417 1005 quae
451 965 529 995 est:
567 955 786 1007 ‚Ultriceml
812 955 977 993 nomina
999 956 1126 992 omnia
1149 956 1188 992 in
1210 969 1238 992 „v
1260 956 1384 992 littera
1418 955 1629 992 terminata
1662 954 1877 992 ablativum

314 1029 553 1077 singularem
586 1029 624 1065 in
661 1030 708 1073 ,e‘
743 1028 918 1074 mittunt;
944 1027 1170 1076 genetivum
1203 1039 1297 1064 vero
1321 1027 1513 1076 pluralem
1547 1026 1587 1063 in
1610 1030 1705 1073 ,um‘
1739 1039 1879 1076 excep-

314 1099 362 1136 tis
395 1100 454 1137 his
488 1112 590 1147 quae
633 1099 762 1137 omnis
795 1107 884 1137 sunt
917 1098 1085 1147 generis,
1130 1106 1170 1136 ut
1217 1098 1322 1143 ,felix
1345 1131 1350 1137 .
1373 1130 1379 1137 .
1405 1103 1438 1136 ‘1
1475 1099 1570 1136 nolo
1604 1098 1711 1136 enim
1752 1105 1876 1136 totam

314 1170 428 1208 huius
461 1171 740 1208 declinationis
783 1170 1074 1219 expositionem
1109 1169 1341 1207 Servianam
1376 1171 1537 1209 afferre:
1573 1169 1706 1207 multis
1747 1169 1877 1208 verbis

315 1242 365 1279 de
399 1242 484 1290 ipso
518 1242 680 1279 nomine
706 1242 756 1286 ‚in
792 1255 814 1278 x
847 1241 959 1278 litera
982 1240 1208 1278 terminato‘
1244 1241 1449 1278 disseritur
1481 1253 1614 1290 neque
1646 1248 1688 1278 ut
1719 1240 1879 1279 brevior

316 1313 472 1350 Servius
505 1314 585 1350 vult
632 1314 682 1351 de
705 1313 933 1350 nominibus
967 1312 1199 1360 terminatis,
1226 1312 1292 1360 qui
1327 1325 1408 1350 non
1433 1312 1681 1362 perspexisse
1709 1312 1876 1359 videtur,

317 1384 450 1421 onmia
483 1384 659 1429 nomina,
694 1396 936 1433 quamquam
978 1383 1177 1421 diversum
1220 1383 1259 1420 in
1300 1384 1477 1429 modum,
1528 1383 1738 1421 terminata
1776 1396 1875 1423 esse.

316 1457 357 1492 B.
386 1467 422 1502 7,
461 1458 537 1503 58:
595 1486 601 1500 ‚
635 1486 641 1492 .
674 1458 805 1493 ‚Sane
850 1454 1071 1502 sciendum,
1121 1454 1343 1504 Vergilium
1392 1455 1606 1504 pampinos
1658 1467 1877 1504 numquam

314 1538 393 1563 cum
420 1539 552 1572 genere
583 1527 729 1571 dicere,
764 1527 835 1564 sed
858 1528 1080 1563 Varronem
1105 1526 1157 1563 uti
1185 1526 1427 1575 frequentius
1452 1526 1675 1565 feminino.‘
1740 1526 1878 1565 Omni-

317 1598 390 1634 bus
423 1605 530 1646 patet
563 1597 828 1646 oppositionis
862 1609 981 1634 causa
1013 1609 1112 1646 opus
1146 1609 1233 1635 esse
1266 1597 1362 1636 illud
1395 1597 1585 1647 plenioris
1617 1597 1741 1636 Servii
1775 1609 1879 1644 ‚cum

317 1674 473 1717 genere*
509 1676 547 1706 et
579 1669 609 1706 si
644 1669 970 1717 quaesiverimus,
1019 1669 1159 1706 falsum
1194 1669 1428 1714 invenietur,
1464 1669 1687 1718 Vergilium
1730 1669 1878 1719 pampi-

317 1753 390 1775 nos
424 1752 640 1787 numquam
674 1740 895 1788 scripsisse:
931 1740 1077 1777 etenim
1115 1740 1281 1789 legimus
1300 1741 1421 1790 Verg.
1458 1742 1507 1778 G.
1540 1754 1572 1786 1,
1611 1742 1716 1787 448:
1753 1739 1880 1787 ,Heul

318 1811 421 1848 male
454 1818 534 1847 tum
568 1811 672 1848 mitis
721 1811 910 1848 defendet
955 1811 1147 1860 pampino
1180 1815 1305 1849 uvas!
1372 1812 1452 1850 Sed
1485 1812 1535 1850 de
1576 1812 1652 1849 hac
1695 1824 1735 1850 re
1766 1811 1883 1850 nobis

316 1882 483 1930 amplius
517 1883 800 1931 disputandum
835 1895 915 1919 non
965 1890 1023 1920 est
1056 1895 1145 1920 cum
1191 1883 1276 1932 ipse
1308 1883 1428 1921 Thilo
1467 1884 1658 1921 admonet
1689 1883 1729 1920 in
1763 1895 1883 1932 appa-

282 1997 284 2000 *
319 1960 402 1990 ratu
436 1953 574 1990 critico
597 1954 710 1990 huius
743 1954 842 1991 loci:
896 1967 997 1999 ,cum
1040 1952 1200 2003 genere‘
1245 1954 1369 1992 Servii
1413 1968 1500 1993 esse
1532 1955 1754 1994 videntur‘:
1787 1966 1883 2004 ergo

319 2024 474 2072 plenior
506 2025 661 2062 Servius
695 2038 788 2063 vera
821 2025 1013 2063 Serviana
1045 2026 1162 2063 nobis
1196 2026 1359 2064 tradidit
1392 2027 1459 2075 (cf.
1495 2028 1530 2064 A
1557 2038 1592 2076 5,
1630 2025 1743 2076 380).

463 2108 649 2145 Extremo
682 2109 773 2145 loco
796 2108 963 2156 legimus
989 2109 1038 2146 G.
1069 2122 1106 2155 4,
1145 2120 1223 2158 522
1246 2119 1253 2147 2
1281 2111 1521 2155 ‚Mmmorea
1543 2116 1663 2159 caput
1686 2122 1710 2147 a
1731 2108 1884 2147 cervice

324 2177 532 2228 revulsuml
569 2179 609 2216 id
643 2187 700 2216 est
733 2180 910 2228 pulchra.
976 2182 1081 2218 Sane
1114 2181 1252 2218 alludit
1283 2182 1335 2220 ad
1368 2182 1408 2220 id
1441 2182 1550 2230 quod
1573 2181 1670 2220 dicit
1701 2179 1883 2226 Ovidius,

274 2256 279 2264 '
323 2250 416 2297 quia
449 2262 538 2286 cum
572 2257 690 2299 caput
724 2251 805 2288 eius
839 2252 1014 2289 delatum
1049 2253 1099 2290 ad
1133 2253 1258 2302 ripam
1291 2260 1436 2303 smpens
1469 2253 1651 2291 mordere
1685 2251 1883 2298 voluisset,

320 2328 377 2358 est
410 2334 621 2358 conversus
655 2322 693 2358 in
726 2322 930 2371 lapidem.‘
1868 2307 1872 2312 ⁴

466 2393 557 2429 Non
592 2393 804 2442 explicavit
844 2394 1002 2432 brevior
1043 2395 1200 2433 Servius
1233 2395 1321 2444 quis
1355 2403 1473 2445 caput
1506 2395 1659 2445 Orphei
1702 2395 1885 2434 mordere

320 2463 507 2507 voluerit,
574 2470 615 2500 ut
669 2464 772 2501 illius
821 2465 1028 2503 adnotatio
1085 2467 1202 2504 stulta
1251 2475 1369 2515 atque
1411 2480 1515 2505 vana
1562 2479 1648 2505 esse
1689 2467 1882 2513 videatur,

321 2547 423 2582 quae
478 2536 656 2583 perbona
710 2543 766 2573 est
820 2549 898 2573 una
950 2549 1048 2575 voce
1097 2541 1286 2587 ‚serpens‘
1335 2551 1407 2576 suo
1453 2539 1545 2576 loco
1593 2538 1881 2588 redintegrata:

321 2605 399 2642 iam
442 2606 633 2644 habemus
677 2607 728 2644 ad
773 2608 883 2655 quod
926 2609 1119 2654 alludunt,
1164 2621 1253 2646 cum
1295 2609 1346 2648 de
1385 2609 1534 2648 Ovidio
1572 2609 1730 2649 dicant:
1784 2611 1881 2648 Met.

328 2689 390 2721 11,
428 2678 478 2725 56
514 2689 622 2725 sqq.:

465 2759 559 2804 ,Hic
592 2760 694 2797 ferus
727 2761 949 2810 expositum
982 2762 1200 2812 peregrinis
1233 2763 1372 2812 anguis
1405 2764 1534 2802 arenis

466 2830 522 2867 Os
555 2831 652 2879 petit
684 2839 721 2869 et
754 2845 912 2881 sparsos
946 2834 1107 2872 stillanti
1141 2847 1228 2873 rore
1260 2835 1441 2884 capillos.

465 2902 645 2939 Tandem
681 2903 865 2941 Phoebus
898 2905 1021 2950 adest,
1057 2918 1291 2954 morsusque
1323 2906 1467 2945 inferre
1500 2915 1706 2957 parantem

464 2974 595 3017 Arcet,
630 2980 668 3009 et
700 2973 739 3009 in
771 2974 947 3022 lapidem
980 2975 1098 3013 rictus
1132 2977 1325 3026 serpentis
1360 2985 1518 3027 apertos

465 3043 673 3091 Congelat‚
708 3052 744 3081 et
777 3046 947 3094 patulos,
983 3052 1023 3083 ut
1055 3053 1178 3093 erant,
1213 3047 1370 3085 indurat
1402 3047 1559 3088 hiatus‘.
