2023 3543
770 222 1062 261 —43-

133 341 438 381 memorandum
472 354 558 380 esse
602 349 698 392 puto
731 355 755 380 a
786 342 967 382 breviore
999 344 1135 382 Servio
1177 357 1328 394 paucos
1370 344 1579 394 scriptores
1612 358 1695 383 eos-

134 427 211 464 que
244 426 388 452 aureae
425 426 528 462 quae
563 422 725 452 vocatur
758 414 974 452 litterarum
1008 416 1146 453 aetatis
1188 413 1409 465 laudari-²⁸),
1453 430 1475 453 a
1519 417 1696 466 pleniore

133 493 264 524 autem
297 485 475 523 omnium
509 485 589 523 fere
621 485 868 534 superiorum
902 494 1125 536 temporum
1159 484 1438 537 scriptores-³⁹).
1496 488 1697 536 Quocirca

132 564 241 607 patet
285 556 507 606 pleniorem
554 556 732 594 Servium
772 558 967 607 permulta
1010 571 1058 596 ex
1099 559 1285 597 omnibus
1330 560 1409 597 fere
1454 559 1697 609 temporibus

132 624 457 681 congessisseffl),
491 628 713 666 breviorem
747 641 877 678 pauca
910 630 1218 680 deprompsisse.

279 712 325 751 Id
358 718 490 750 autem
524 712 735 762 plurimum
769 713 873 750 valet
906 714 1015 762 quod
1049 715 1204 763 plenior
1236 715 1402 756 Servius.
1437 728 1525 752 cum
1560 715 1697 752 multo-

133 797 218 822 rum
260 784 404 823 multas
445 783 657 833 opiniones
699 783 750 822 ad
783 784 953 822 eundem
997 785 1133 823 afferat
1165 787 1296 824 locum
1330 787 1368 824 in
1402 787 1585 824 omnibus
1620 788 1698 824 fere

138 856 255 894 rebus
289 855 536 906 explicandis
561 855 780 901 contendit,
815 863 856 893 ut
888 864 1042 905 praeter
1073 856 1114 895 id
1152 858 1261 906 quod
1299 871 1509 896 commune
1542 859 1576 896 ei
1610 870 1698 895 cum

133 927 314 966 breviore
347 926 485 965 Servio
518 933 588 972 est,
624 939 744 975 quam
777 926 967 975 plurimas
1007 927 1364 977 interpretationes,
1400 929 1696 978 explicationes,

131 999 378 1037 narrationes
424 998 601 1047 undique
634 998 864 1047 desumptas
899 999 1083 1037 cumulet.
1149 1001 1268 1038 Velut
1300 1001 1466 1049 legimus
1503 1003 1532 1038 A
1566 1015 1597 1044 1¹
1626 1014 1696 1049 77:

135 1069 380 1122 ,Explorare]
430 1070 671 1117 deliberare;
717 1069 895 1118 superius
942 1083 1116 1119 namque
1160 1072 1282 1109 multa
1315 1080 1553 1121 poposcerat
1582 1073 1697 1121 Juno.

133 1144 226 1181 Hoc
258 1155 353 1193 ergo
386 1142 506 1181 dicit:
543 1149 651 1180 tuum
685 1149 743 1180 est
775 1141 1012 1186 deliberare,
1048 1143 1144 1191 quid
1168 1143 1275 1180 velis.
1326 1145 1408 1180 Aul
1436 1149 1525 1181 certe
1556 1145 1702 1192 aperire

134 1216 195 1253 vel
217 1221 394 1264 pensare,
426 1215 538 1264 quale
567 1216 618 1252 sit
645 1215 880 1252 desideriunt.
936 1214 1021 1251 Alii
1048 1215 1245 1263 explorare
1266 1215 1376 1265 Jovis
1408 1217 1576 1252 animum
1594 1230 1604 1260 ,·
1636 1220 1705 1251 aut

132 1292 222 1325 certe
253 1287 480 1336 ‚explorure‘
512 1287 720 1336 explanare
733 1301 745 1332 ,·
777 1291 849 1322 aut
877 1290 966 1322 certe
1013 1291 1186 1331 statuere,
1220 1300 1271 1323 au
1323 1301 1482 1335 aeqmtm
1514 1288 1573 1331 sit,
1605 1287 1708 1335 quod

125 1360 235 1409 petis,
279 1364 366 1396 tuus
409 1360 505 1396 enim
549 1359 609 1396 ln‘c
645 1359 755 1396 labor
791 1363 868 1396 est!
933 1359 1065 1407 Atque
1099 1358 1137 1395 in
1172 1359 1310 1407 quavis
1344 1359 1490 1408 pagina
1523 1359 1701 1396 videmus

136 1430 219 1468 eius
252 1430 584 1468 commentarium
617 1430 657 1468 in
690 1431 797 1467 hunc
831 1430 994 1468 modum
1029 1443 1113 1467 esse
1146 1431 1325 1468 farctum.
1381 1432 1472 1478 Quo
1507 1431 1702 1480 pertinent

134 1502 253 1540 etiam
286 1502 408 1540 haec:
459 1503 494 1539 A
524 1516 557 1548 1,
595 1504 700 1550 706:
754 1503 816 1546 ,Et
849 1501 995 1551 pocula
1035 1500 1199 1552 ponant]
1246 1503 1463 1540 secundum
1498 1502 1700 1550 antiquum

135 1574 291 1612 locutus
325 1582 383 1612 est
416 1587 580 1619 morem,
626 1575 719 1623 quia
764 1574 944 1611 veteribus
988 1587 1061 1610 mm
1102 1575 1141 1610 iu
1173 1587 1308 1611 numus
1341 1575 1533 1611 dabantur
1553 1573 1702 1622 pocula,

134 1646 202 1683 sed
227 1647 361 1683 mensis
392 1647 683 1696 ‹spponebanlun
727 1651 769 1683 ut
797 1646 974 1694 hodieque
1005 1646 1112 1694 apud
1130 1645 1260 1694 plures
1296 1645 1430 1694 pacida
1463 1647 1502 1681 iu
1533 1646 1704 1681 ‹uuzslris

136 1718 319 1766 argenteis
349 1717 604 1767 adponuntur,
636 1730 734 1766 quae
765 1719 931 1754 canistra
963 1717 1118 1753 sicania
1152 1717 1351 1754 du‘uutmz‘
1396 1717 1485 1754 Vile
1519 1723 1575 1753 est
1607 1715 1703 1753 illud

137 1788 329 1827 brevioris
375 1788 499 1827 Servii
545 1801 676 1837 neque
708 1788 780 1826 viri
813 1788 923 1826 docti
956 1788 1252 1826 commentatio.
1317 1787 1555 1825 Docendum
1598 1787 1703 1824 enim

138 1867 219 1899 erat
261 1873 340 1910 quo
384 1860 467 1900 iure
499 1861 551 1899 de
599 1861 765 1910 antiquo
807 1872 917 1898 more
949 1861 1010 1897 vel
1051 1860 1125 1897 ritu
1158 1860 1365 1905 diceretur,
1410 1872 1496 1897 cum
1531 1867 1704 1897 veterum

138 1933 387 1971 consuetudo
453 1932 727 1983 explicaretur,
783 1940 902 1982 atque
955 1933 1311 1971 demonstraretur:
1379 1931 1488 1980 quod
1551 1931 1706 1980 plenior

137 2004 294 2043 Servius
346 2011 388 2042 ut
439 2004 516 2050 hic,
572 2004 625 2042 ita
657 2004 743 2042 aliis
797 2004 895 2042 locis
930 2004 1035 2042 fecit.
1103 2003 1295 2041 Conferas
1330 2003 1447 2052 igitur
1470 2004 1503 2039 A
1533 2016 1568 2047 2,
1601 2004 1701 2039 108:

143 2077 288 2126 ‚Saepe
353 2077 486 2126 fugam
553 2073 696 2130 Danai]
764 2077 841 2114 hoc
903 2076 1123 2114 secundum
1193 2076 1411 2112 Homerum
1474 2086 1607 2112 verum
1648 2083 1705 2111 est

140 2149 248 2198 apud
305 2161 412 2198 quem
472 2149 606 2186 suadet
670 2149 928 2197 Agamemnon
1003 2148 1156 2185 Graecis
1223 2147 1344 2184 relicto
1410 2146 1498 2183 bello
1555 2145 1704 2194 fugere.

140 2220 200 2257 Et
247 2225 290 2257 ut
328 2220 497 2257 ostendat
535 2225 694 2270 propter
733 2220 864 2257 bellum
907 2219 1059 2268 filgere,
1113 2220 1170 2255 ait
1220 2219 1374 2267 ,cttpiere
1417 2231 1488 2254 mm
1523 2217 1707 2261 ,rolucrcf

147 2293 198 2330 cf.
232 2293 268 2329 A
293 2292 330 2337 6,
367 2292 463 2341 663.

286 2363 406 2402 Cuius
440 2364 495 2402 rei
527 2376 667 2402 causas
700 2371 740 2401 ut
773 2363 1052 2407 deliberemus,
1088 2374 1176 2399 cum
1210 2362 1286 2398 hoc
1320 2360 1501 2398 concedo
1536 2360 1706 2408 aliquem

142 2435 298 2485 singula
330 2435 526 2485 quaedam
575 2435 685 2473 libris
737 2434 928 2472 confectis
973 2441 1092 2482 atque
1136 2433 1368 2482 compositis
1407 2433 1554 2470 addere
1593 2431 1708 2468 facile

145 2506 336 2557 potuisse,
372 2514 453 2545 tum
488 2507 528 2545 id
561 2507 657 2544 mihi
690 2506 770 2544 veri
804 2507 921 2556 plane
954 2518 1040 2543 esse
1073 2505 1262 2543 dissimile
1286 2504 1438 2541 videtur
1469 2515 1706 2552 quemquam

144 2586 254 2617 tanta
300 2579 498 2618 industria
532 2579 690 2618 enixum
723 2591 809 2617 esse
843 2586 882 2616 ut
914 2584 971 2615 tot
1003 2577 1202 2625 tantisque
1235 2575 1558 2613 adnotationibus
1591 2581 1708 2621 atque

291 2887 334 2932 3⁸)
361 2889 486 2925 Thom.
512 2899 591 2931 pag.
624 2888 703 2920 186.

292 2947 339 2992 ³⁹)
365 2949 491 2980 Thom.
521 2960 598 2991 pag.
632 2948 688 2991 56,
719 2948 774 2988 85,
810 2954 886 2987 115.

292 3006 334 3050 ⁴⁰)
363 3008 489 3040 Thom.
518 3019 598 3050 pag.
631 3007 707 3039 128.
