2023 3543
36 325 257 376 pleniorem
291 326 468 365 Servium
502 327 682 378 ignarum
717 327 836 366 fuisse
869 328 1025 367 Romae
1057 328 1178 374 urbis,
1223 329 1320 367 haec
1352 328 1596 367 animadver-

37 406 188 437 tamus:
220 400 255 435 A
276 409 312 446 7,
334 399 413 446 672
460 398 654 451 ,Catillus]
690 400 796 438 unde
831 413 944 437 mons
977 400 1110 438 Catilli
1149 413 1266 449 quem
1291 401 1433 438 Catelli
1459 400 1598 438 dicunt

37 483 108 520 per
155 469 449 519 corruptionem
505 471 615 508 iuxta
662 471 808 509 Tibur‘.
867 472 900 508 A
924 483 959 519 7,
982 483 1090 519 712:
1142 471 1321 517 ,Velinus
1368 472 1476 509 lacus
1523 479 1594 516 est,

35 542 131 579 circa
162 541 281 578 Reate
327 540 434 578 iuxta
484 554 620 591 agrum
669 542 736 591 qui
786 543 1012 580 Rosulanus
1060 547 1248 580 vocatur.‘
1311 555 1475 591 7‚714:
1513 543 1596 587 ,Hi-

37 612 157 651 mella
189 612 327 649 fluvius
370 620 427 650 est
472 614 575 650 z'nlrcz
597 614 785 651 stin-ulos!
850 613 978 651 Etiam
1004 613 1090 651 aliis
1113 627 1160 652 ex
1183 614 1295 659 locis,
1316 621 1355 651 ut
1379 615 1411 651 A
1432 626 1469 661 7,
1492 616 1593 661 728;

42 685 84 729 8,
103 696 202 739 3-19,
237 682 476 721 intellexeris
499 684 717 733 pleniorem
743 684 919 723 Servium
953 684 1060 722 illam
1080 686 1218 723 urbem
1253 692 1371 734 atque
1394 685 1596 734 regionem

40 753 218 800 novisse,
258 766 388 803 neque
412 754 452 793 id
475 755 558 793 fieri
591 755 718 806 potuit
749 755 825 794 nisi
856 756 940 805 ipse
973 763 1091 804 atque
1124 769 1311 805 praesens
1344 769 1410 794 eas·
1436 756 1593 794 viderit:

39 825 186 864 etenim
219 825 375 864 minora
408 838 456 864 ea
486 826 669 864 videntur
695 840 813 876 quam
846 834 886 865 ut
909 826 1133 875 corrigendi
1156 840 1276 865 causa
1308 827 1517 877 quisquam
1549 840 1596 865 ea

44 909 92 934 ex
125 896 280 934 idoneis
315 896 425 934 libris
458 894 712 949 elegerit¹¹¹').

184 969 323 1006 Restat
356 981 476 1006 unum
525 969 634 1017 quod
674 969 877 1007 mentione
924 969 1088 1017 dignum
1138 981 1222 1006 esse
1270 969 1365 1006 mihi
1414 969 1594 1008 videtur:

41 1039 284 1090 perquirenti
308 1039 412 1077 enim
446 1039 542 1077 mihi
565 1052 852 1090 saepenumero
874 1039 1084 1078 Servianos
1117 1040 1423 1078 commentarios
1456 1040 1596 1078 mirum

41 1111 166 1148 visum
200 1118 258 1148 est
290 1110 400 1159 quod
435 1111 666 1161 saepissime
700 1112 855 1161 plenior
894 1111 1050 1149 Servius
1084 1110 1262 1156 adnotat,
1297 1111 1373 1149 boc
1405 1111 1466 1149 vel
1499 1111 1596 1149 illud

39 1194 126 1220 esse
173 1180 378 1219 nauticum
420 1195 645 1221 sermonem
693 1183 753 1221 vel
793 1182 1093 1221 instrumentum
1125 1182 1186 1220 vel
1220 1182 1271 1220 ad
1304 1183 1381 1220 tale
1414 1182 1509 1231 quid
1543 1195 1596 1220 re-

38 1253 202 1303 spicere.

181 1324 322 1373 Neque
351 1325 494 1370 facere,
529 1325 568 1362 ni
608 1326 734 1370 fallor,
769 1337 978 1375 possumus
1011 1324 1106 1373 quin
1141 1324 1207 1373 qui
1231 1331 1435 1374 tantopere
1467 1337 1595 1362 rerum

37 1395 285 1433 nauticarum
332 1396 500 1445 peritum
547 1410 587 1435 se
619 1393 915 1447 praeberet¹¹²)
963 1402 1123 1434 nautam
1165 1395 1226 1433 vel
1259 1395 1382 1433 litoris
1415 1396 1594 1433 accolam

38 1466 160 1506 fuisse
193 1473 421 1506 statuamus.

180 1664 237 1710 ¹¹¹)
263 1666 305 1698 cs.
334 1666 418 1697 infra
445 1677 523 1708 pag.
552 1673 610 1705 47.

179 1724 236 1767 ¹¹²)
264 1727 324 1757 cf.
355 1727 383 1756 A
417 1735 444 1764 1,
474 1726 551 1768 198,
573 1733 650 1762 244,
678 1725 757 1767 246,
781 1732 870 1765 5543
903 1734 934 1762 2,
965 1725 1015 1761 16,
1044 1733 1103 1764 193
1137 1724 1274 1766 3‚128‚
1297 1731 1377 1766 207,
1401 1730 1480 1764 275,
1505 1730 1592 1767 5193

35 1786 157 1827 4,418‚
187 1788 268 1829 613,
292 1786 379 1817 661:
426 1792 457 1826 5,
485 1794 511 1822 1;
555 1794 605 1823 10,
627 1794 712 1824 229;
744 1793 793 1820 11,
814 1792 894 1826 327,
913 1792 999 1825 329;
1031 1784 1075 1815 G.
1103 1792 1136 1822 4,
1155 1791 1236 1822 420.
