2023 3543
918 214 1214 263 *38*

290 356 536 408 quaestione,
570 352 665 390 nihil
700 356 757 388 est
790 360 869 397 quo
903 344 1178 395 impediamur.
1247 341 1328 380 Sed
1366 339 1437 379 etsi
1470 351 1553 377 non
1597 335 1851 387 impedimur,

291 429 500 478 quominus
524 438 571 463 ea
594 431 747 461 utamur
778 419 958 457 nondum
999 423 1039 454 ut
1063 416 1168 452 hanc
1201 424 1415 462 sequamur
1448 411 1558 450 illam
1591 409 1852 459 neglegamus

291 500 478 550 cogimur.
544 497 697 534 Causae
729 491 845 541 igitur
878 487 1133 539 quaerendae
1180 492 1270 523 sunt
1311 491 1352 522 ut
1397 482 1562 521 tandem
1607 481 1659 519 ad
1703 485 1854 518 certum

291 570 561 622 perveniamus
594 564 796 604 iudicium.

436 640 655 688 Diligenter
694 634 924 685 quaesivere
958 631 1027 668 viri
1075 630 1185 668 docti
1229 641 1363 678 quas
1409 640 1492 666 res
1539 624 1724 664 Servii
1767 637 1856 662 ex-

293 715 343 764 pl
363 713 372 750 i
390 725 447 750 ca
462 725 483 745 v
503 724 523 748 e
538 709 577 747 ri
596 716 660 746 nt.
728 707 863 755 Quare
894 703 1064 741 breviter
1087 700 1442 751 comprehendam,
1478 711 1581 747 quae
1607 697 1726 735 nobis
1749 695 1858 734 utilia

294 792 393 823 sunt.
461 781 619 820 Plenior
644 778 800 817 Servius
833 776 942 814 varia
974 773 1314 823 conglomeravit:
1349 772 1449 810 sicut
1471 770 1631 809 brevior
1651 769 1706 808 ita
1737 768 1858 807 etiam

294 857 357 894 hic
390 855 429 892 in
461 854 578 892 rebus
610 848 879 901 grammaticis
913 846 1042 884 studia
1073 840 1313 894 collocatffi),
1350 856 1471 893 saepe
1504 842 1727 880 doctrinam
1761 841 1858 879 Ver-

294 928 378 977 gilii
411 938 528 976 quam
561 922 714 961 subtilis
762 932 962 970 quamque
1009 917 1216 956 recondita
1265 916 1392 961 fuerit,
1440 909 1756 964 demonstratffl),
1803 912 1857 950 in-

296 999 430 1049 primis
463 1010 522 1035 res
555 1007 700 1039 sacras,
736 993 901 1031 deorum
935 997 972 1028 et
995 990 1159 1027 heroum
1183 988 1340 1026 fabulas
1363 983 1552 1037 narratffi)
1577 993 1696 1036 atque
1719 996 1859 1022 omnes

297 1069 549 1119 antiquitates
575 1059 930 1111 commemorat‘ffl).
992 1061 1154 1100 Brevior
1177 1067 1308 1098 autem
1332 1059 1489 1097 Servius
1511 1057 1860 1109 grammaticarum

299 1154 428 1180 rerum
477 1138 711 1189 permultum
746 1135 909 1173 rationis
944 1133 1077 1179 habet,
1113 1132 1185 1170 sed
1220 1131 1316 1169 alias
1349 1131 1436 1169 illas
1468 1143 1530 1168 res
1563 1141 1691 1180 paene
1728 1129 1860 1178 negle-

298 1209 419 1263 git30).
484 1213 670 1248 Attamen
704 1206 979 1246 commentarii
1028 1218 1109 1242 non
1143 1204 1197 1241 ita
1230 1203 1443 1252 compositi
1476 1209 1577 1248 sunt,
1622 1208 1663 1240 ut
1703 1201 1862 1240 brevior

299 1284 450 1323 Servius
485 1281 760 1333 grammaticas
794 1278 1050 1329 quaestiones
1084 1276 1269 1326 explicet,
1305 1275 1402 1313 alias
1428 1287 1488 1313 res
1516 1273 1663 1312 adiciat
1685 1273 1859 1324 plenior:

301 1370 419 1405 saepe
453 1355 534 1392 eius
569 1353 623 1391 rei
656 1353 775 1402 plane
808 1349 1049 1389 contrarium
1085 1347 1302 1386 invenitur:
1351 1354 1627 1396 argumentum
1671 1346 1734 1384 vel
1778 1357 1862 1383 rem

300 1441 400 1476 quae
433 1427 483 1464 ad
516 1426 662 1463 lemma
695 1430 861 1474 spectat,
897 1421 1060 1471 exponit
1093 1419 1252 1458 brevior
1284 1418 1454 1464 Servius,
1489 1417 1595 1456 idem
1630 1418 1751 1456 docet
1782 1416 1863 1466 ple-

300 1499 387 1536 nior
419 1505 537 1546 atque
570 1497 681 1535 addit
714 1494 1015 1545 grammaticam
1049 1491 1430 1541 interpretationem.

444 1569 563 1607 Velut
595 1570 629 1605 A
662 1581 695 1612 1,
731 1581 784 1617 30
797 1581 810 1604 1
831 1578 836 1604 :
875 1563 1012 1616 ,Citus]
1030 1571 1105 1614 pro
1127 1565 1205 1608 cito,
1239 1563 1456 1601 mlverbium
1479 1563 1652 1612 temporis
1672 1562 1712 1599 in
1734 1573 1865 1599 nomen

303 1642 496 1692 desscxmn.
559 1640 616 1677 Et
644 1641 728 1677 bene
759 1641 825 1677 hoc
843 1639 886 1675 de
916 1637 1108 1675 Μαι-τινὰ)
1122 1650 1134 1682 ,·
1166 1648 1255 1672 cum
1289 1634 1393 1673 enim
1418 1635 1495 1672 alia
1527 1634 1642 1683 signa
1664 1633 1777 1671 tarde
1811 1632 1863 1671 ad

305 1721 409 1751 ortus
442 1725 532 1750 suos
566 1719 780 1757 recurrant,
829 1709 1048 1748 Mercurius
1094 1714 1237 1746 octavo
1284 1707 1443 1745 decimo
1489 1705 1555 1744 die
1599 1705 1639 1743 in
1672 1712 1759 1744 ortu
1791 1717 1864 1743 suo

305 1781 579 1833 i11ve11itur‘³¹).

446 1855 639 1893 Videmus
672 1853 788 1903 igitur
822 1853 858 1890 id
895 1852 1005 1901 quod
1039 1851 1161 1901 ipsius
1191 1850 1382 1888 brevioris
1418 1849 1542 1888 Servii
1576 1861 1662 1888 esse
1707 1848 1863 1894 dicitur,

307 1941 425 1977 saepe
463 1941 544 1965 non
594 1927 644 1964 ab
689 1927 779 1971 hoc,
824 1925 895 1963 sed
929 1938 952 1962 a
984 1923 1163 1973 pleniore
1196 1922 1333 1961 Servio
1376 1921 1565 1972 scriptum
1611 1934 1715 1970 esse3
1760 1919 1868 1958 unde

275 1999 486 2043 .esficitur,
533 2006 573 2036 ut
616 2010 697 2036 non
743 2004 846 2035 totus
892 1996 1049 2034 brevior
1094 1994 1403 2033 commentarius
1449 1993 1609 2042 aequali
1648 1991 1787 2031 habitu
1820 2004 1868 2030 ac

308 2079 443 2109 tenore
477 2065 595 2123 sit32).

454 2142 706 2190 Quamquam
755 2147 860 2178 certe
905 2139 1056 2177 maiore
1104 2138 1344 2187 aequalitate
1378 2137 1409 2175 is
1442 2136 1750 2175 commentarius
1783 2147 1870 2174 esse

311 2214 464 2251 videtur
497 2213 605 2250 cuius
640 2211 921 2250 adnotationes
956 2218 1074 2260 atque
1098 2209 1446 2259 interpretationes
1468 2208 1563 2246 satis
1585 2220 1732 2258 parvae
1755 2206 1871 2245 facile

278 2288 284 2297 ’
312 2285 590 2334 intelleguntur
623 2291 740 2332 atque
774 2283 882 2320 brevi
908 2283 947 2319 in
972 2290 1191 2331 conspectu
1216 2281 1368 2331 positae
1391 2287 1481 2318 sunt
1528 2292 1648 2329 quam
1670 2278 1871 2329 pleniores

313 2356 586 2394 commentarii
620 2356 659 2393 in
693 2355 850 2405 quibus,
886 2362 925 2392 ut
958 2367 1076 2403 supra
1108 2353 1203 2399 (lixi,
1240 2352 1347 2390 varia
1380 2352 1528 2402 scripta
1559 2345 1810 2402 legunturffl).

455 2542 497 2585 26)
524 2544 637 2588 Thilo,
666 2554 742 2585 pag.
769 2543 845 2574 XX.

457 2601 499 2646 ²⁷)
526 2603 639 2646 Thilo,
668 2614 746 2645 pag.
775 2603 901 2634 XXVI.

459 2661 503 2705 ⁹⁸)
530 2663 654 2693 Thom.
684 2674 763 2704 pag.
795 2670 850 2703 50.

459 2721 498 2766 ²⁹)
526 2723 650 2754 Thom.
674 2734 750 2764 pag.
779 2730 838 2762 773
871 2723 1019 2764 inprimis
1049 2730 1089 2764 57
1116 2734 1191 2765 sqq.
1221 2722 1265 2754 86
1292 2733 1342 2764 sq.

460 2781 501 2823 3⁰)
527 2783 568 2818 cs,
597 2783 711 2825 Thilo,
741 2795 818 2825 pag.
848 2783 1014 2820 XXVIIR
1046 2783 1207 2821 Thomas,
1239 2793 1318 2824 pag.
1349 2782 1428 2819 206,
1461 2790 1541 2823 231.

459 2840 502 2882 31)
530 2843 572 2873 cs.
604 2845 631 2873 A
649 2844 675 2884 Ι,
707 2852 761 2885 20,
792 2852 847 2884 30,
879 2851 964 2883 3233
998 2843 1030 2884 8,
1051 2850 1116 2883 717
1144 2848 1176 2874 et
1201 2843 1284 2874 alios
1309 2843 1414 2876 locos,

460 2899 502 2944 82)
529 2902 571 2932 cf.
601 2903 715 2944 Thilo,
745 2913 821 2943 pag.
854 2903 1000 2946 XXVII,
1030 2903 1188 2938 LXX1V;
1224 2902 1375 2933 Thomas
1401 2913 1478 2943 pag.
1514 2901 1589 2933 182.

462 2959 507 3002 33)
534 2963 690 2992 Attamen
716 2962 770 2992 hic
787 2962 870 2993 liber
895 2963 989 2994 unius
1015 2963 1180 3005 scriptoris
1207 2962 1349 2994 consilio
1375 2962 1579 3004 compositus
1604 2967 1665 2993 est.
1688 2961 1730 2993 cf.
1760 2960 1873 2999 Thilo,

319 3031 396 3061 pag.
426 3020 547 3051 LXVI.
