2023 3543
721 240 1015 276 -13-

229 360 282 397 At
311 358 440 407 ‚etiam
495 358 653 395 brevior
690 357 847 395 Servius
888 370 910 394 a
943 370 1011 395 sua
1043 364 1172 395 aetate
1204 358 1425 407 segregavit
1473 365 1643 396 veterum

86 437 279 479 tempora.
328 430 431 467 Nam
464 430 670 466 Lucanum
704 436 741 466 et
774 429 948 466 Persium
982 428 1034 478 (A
1053 430 1090 473 6,
1118 430 1190 476 187
1245 436 1281 466 et
1316 427 1420 483 320)
1466 430 1646 467 nominat

87 501 299 551 scriptores
331 500 570 542 neotericos,
604 500 823 548 Vergilium
857 500 907 548 (A
935 514 966 544 1,
993 514 1042 547 14
1077 507 1113 538 et
1134 501 1203 550 56)
1235 500 1274 537 in
1308 501 1480 549 antiquis
1513 513 1645 538 nume·

87 579 146 610 rat
185 579 305 622 atque
326 572 554 609 Terentium
587 571 646 620 (B.
669 584 706 620 3,
733 572 766 620 1)
800 571 1004 620 antiquum
1039 559 1291 621 appellat.³¹>
1324 572 1512 609 Eiusdem
1546 572 1645 609 haec

88 644 310 682 habemus:
355 643 474 692 ‚apud
513 642 683 680 maiores
732 646 902 679 nostros‘
926 641 978 690 (A
1004 642 1184 689 1,179):
1232 650 1394 687 ,veteres
1442 643 1642 680 dicebant‘

89 711 140 768 (A
162 729 198 760 2,
220 715 345 765 479)3
382 714 557 763 ,antique
590 714 700 757 dixit,
735 713 830 762 quia
851 744 857 750 .
881 744 887 750 .
909 713 1017 762 apud
1040 713 1210 750 maiores
1234 721 1390 750 nostros
1424 714 1642 751 dicebatur‘

87 786 147 837 (B.
173 800 206 832 1,
229 788 321 837 32);
371 786 436 831 ‚ad
457 786 662 834 antiquum
686 785 854 834 pertinet
886 785 1015 822 ritum‘
1051 785 1116 834 (G.
1144 798 1176 829 1,
1199 785 1289 835 31)2
1325 785 1507 828 ‚maiores
1540 785 1645 823 dice-

89 859 200 896 bant‘
236 858 300 904 (G.
325 872 360 904 2,
382 853 496 912 412).

231 929 389 967 Deinde
429 941 519 966 usus
553 936 610 966 est
642 927 797 977 plenior
839 928 996 965 Servius
1044 928 1275 977 imperfecto
1308 936 1347 965 ut
1395 929 1643 965 consuetudi-

86 1014 178 1039 nem
202 1001 376 1050 aliquam
411 1000 462 1038 ad
496 999 696 1049 scriptoris
720 1012 845 1048 usque
869 1006 1050 1048 tempora
1081 999 1212 1048 vigere
1235 1006 1400 1037 notaret.
1419 995 1468 1047 ΤΞ)
1504 999 1643 1048 Neque

89 1085 252 1110 causam
299 1072 430 1116 video,
480 1083 548 1108 cur
592 1083 679 1107 cum
702 1070 876 1108 Thilone
899 1071 1126 1119 ubicunque
1161 1070 1413 1107 inveniuntur
1444 1070 1544 1107 haec
1578 1070 1642 1107 im-

87 1145 262 1194 perfecta
310 1143 542 1192 scriptorem
590 1142 819 1180 adhibuisse
854 1142 1072 1179 iudicemus
1142 1149 1181 1178 ut
1228 1141 1460 1190 praeteritos
1515 1154 1643 1178 mores

88 1223 125 1254 et
173 1215 342 1253 abolitas
391 1214 699 1252 consuetudines
746 1214 998 1262 significaret.
1064 1213 1234 1251 Accedit
1267 1213 1376 1261 quod
1409 1212 1457 1257 (A
1491 1215 1643 1261 1,17())

87 1299 169 1325 non
203 1287 310 1324 solus
357 1286 514 1335 plenior
561 1286 631 1323 sed
679 1285 797 1323 etiam
847 1286 1004 1322 brevior
1051 1285 1208 1322 Servius
1256 1285 1376 1322 habet
1425 1284 1642 1333 imperfecti

86 1366 256 1407 tempus.
273 1353 323 1407 ⁷3)

229 1429 350 1468 Cuius
385 1429 586 1479 opinionis
634 1429 712 1466 alia
760 1441 920 1477 quoque
967 1434 1199 1477 argumenta
1246 1427 1365 1464 Thilo
1413 1426 1554 1469 attulit,
1604 1435 1644 1463 ut

87 1500 139 1551 (A
164 1502 261 1552 1,4)
309 1514 381 1551 pro
426 1501 624 1550 ,ponimus
672 1507 709 1538 et
757 1500 985 1537 formamus‘
1035 1499 1309 1537 Cassellanum
1329 1495 1378 1548 Η)
1430 1498 1572 1547 ,posita
1606 1505 1643 1535 et

88 1572 272 1610 formata‘
319 1572 510 1621 praebere
542 1578 689 1609 monet.
757 1571 849 1619 Qua
896 1571 1019 1608 altera
1052 1569 1276 1607 elocutione
1309 1581 1438 1618 neque
1485 1577 1643 1606 contex-

88 1651 148 1681 tus
197 1656 328 1693 neque
369 1655 505 1681 sensus
540 1643 754 1692 quicquam
788 1650 974 1680 mutatur:
1025 1641 1146 1678 immo
1193 1653 1286 1678 vero
1334 1640 1401 1677 ubi
1434 1640 1643 1688 legerimus

89 1727 192 1764 quae
231 1715 269 1752 in
303 1727 352 1752 eo
385 1715 671 1752 commentario
719 1714 972 1757 antecedunt,
1022 1713 1121 1750 haec
1169 1711 1315 1761 passivi
1363 1712 1490 1748 forma
1537 1711 1643 1748 haud

88 1787 219 1825 aliena
252 1799 338 1825 esse
370 1786 488 1824 nobis
520 1785 729 1823 videbitur.
794 1786 960 1834 Insuper
992 1792 1123 1822 autem
1156 1784 1194 1821 in
1219 1784 1360 1822 eadem
1385 1783 1643 1821 adnotatione

89 1858 278 1908 scriptum
311 1858 477 1908 legimus
524 1869 656 1906 ,saepe
704 1856 799 1906 poni
848 1868 919 1905 pro
969 1855 1106 1893 activis
1140 1855 1309 1904 passiva,
1358 1867 1429 1904 pro
1478 1854 1643 1903 passivis

90 1930 245 1968 actii-af

231 2002 372 2050 Itaque
405 2013 508 2049 quae
542 2000 794 2037 Cassellanus
843 1999 976 2044 habet,
1025 2011 1106 2036 non
1156 1998 1283 2035 solum
1332 1997 1448 2035 facile
1496 1997 1643 2034 intelle-

88 2081 243 2123 guntur,
284 2073 355 2111 sed
403 2071 521 2110 etiarn
554 2071 658 2109 idern
693 2071 916 2120 significant
949 2070 1059 2118 quod
1092 2069 1282 2107 brevioris
1317 2069 1439 2107 Servii
1473 2069 1603 2106 verba.

232 2145 374 2194 Neque
408 2143 522 2181 video
556 2156 636 2192 qua
669 2143 718 2180 de
752 2155 871 2179 causa
893 2142 1012 2179 Thilo
1036 2142 1159 2179 Servii
1184 2141 1442 2178 adnotatione
1475 2142 1507 2177 A
1536 2154 1567 2184 1,
1592 2141 1641 2176 26

89 2223 323 2266 argumento
357 2215 559 2265 opinionis
593 2227 688 2252 suae
720 2227 812 2251 usus
861 2214 929 2251 sit:
964 2226 1094 2262 neque
1142 2213 1246 2250 enim
1280 2212 1528 2261 peregrinum
1579 2218 1644 2248 aut

90 2287 283 2325 abolitum
318 2298 542 2325 sermonem
574 2293 717 2324 tractat
759 2284 1050 2335 grammaticus,
1101 2284 1246 2321 nedum
1293 2291 1472 2332 tempora
1520 2283 1643 2319 multo

89 2359 304 2408 superiora.
370 2358 497 2396 Multo
537 2365 669 2396 autem
703 2356 844 2394 rectius
877 2356 1039 2393 verbum
1074 2355 1236 2401 ,utendi‘
1262 2354 1312 2391 ad
1347 2355 1569 2398 Maronem,
1604 2361 1644 2390 ut

234 2556 278 2600 ⁷¹)
305 2560 382 2590 Huc
407 2558 583 2599 pertinent=
613 2568 697 2599 quae
724 2556 858 2587 Tacitus
873 2555 953 2587 dial.
989 2555 1128 2597 1‚16‚17
1157 2555 1296 2586 similem
1324 2554 1356 2585 in
1389 2554 1521 2584 modum
1550 2553 1641 2584 (licit.

232 2615 274 2663 ⁷²)
301 2619 531 2660 Praeterquam
572 2617 661 2658 quod
688 2616 852 2658 quaedam
880 2615 975 2646 facile
1001 2615 1206 2645 librariorum
1222 2624 1328 2644 errore
1355 2613 1428 2644 oriri
1456 2619 1641 2655 potuerunt,

89 2683 123 2709 ut
147 2678 228 2710 illud
255 2677 413 2719 plenioris
439 2677 542 2709 Servii
573 2677 767 2719 ‚libabatur‘
793 2675 825 2706 in
852 2684 919 2706 uno
933 2674 1046 2705 codice
1072 2674 1250 2705 invenitur.
1279 2673 1318 2706 cf.
1346 2673 1437 2703 Thil.
1467 2673 1520 2703 ed.
1551 2672 1642 2703 Serv.

88 2737 117 2781 1,
146 2737 302 2769 LXVIII.

233 2794 274 2840 ⁷³)
303 2797 368 2834 Al,
389 2804 476 2836 219:
507 2796 599 2826 brev.
617 2795 649 2827 S.
665 2808 671 2828 :
690 2800 904 2836 ‚mortuorum
930 2794 1065 2824 umbrae
1079 2793 1121 2823 ad
1136 2792 1283 2833 sepulcra
1309 2792 1525 2822 vocabantur·
1554 2791 1641 2831 plen.

91 2857 123 2890 S.
157 2856 342 2894 ,dicebatur
388 2862 463 2897 post
500 2865 622 2886 nomen
662 2854 807 2886 defuncti
839 2859 990 2884 vocatum
1028 2852 1123 2883 tertio
1150 2851 1222 2882 vale
1249 2851 1321 2881 vale
1350 2851 1450 2885 vale‘.
1477 2851 1520 2881 cs.
1549 2861 1642 2891 supra

90 2926 169 2957 pag.
199 2924 233 2947 2.

234 2971 278 3016 ⁷⁴)
305 2974 409 3005 codex
448 2973 618 3015 amplioris
657 2972 866 3005 recensionis.
906 2972 958 3002 De
990 2971 1160 3002 codicibus
1180 2970 1346 3001 Servianis
1372 2969 1499 3011 scripsit
1526 2969 1640 3011 Thilo,

89 3034 133 3066 cs.
163 3033 230 3065 Th.
258 3033 311 3069 ed,
338 3032 430 3065 Serv.
459 3033 473 3065 Ι
498 3044 576 3075 pag.
606 3031 907 3063 XLVIII—LXVI
934 3036 1031 3073 atque
1057 3029 1356 3061 LXXVII—XCI.
