2023 3543
959 541 1194 611 Vita

452 778 579 815 Natus
612 790 697 815 sum
722 778 908 816 Alfredus
944 779 1143 817 Gustavus
1176 779 1383 817 Moeller
1416 779 1733 827 Hamburgensis
1767 791 1873 816 anno

309 850 656 887 MDCCCLXIIX
689 850 754 888 die
786 852 841 887 ΙΙΙ
876 864 925 889 m.
962 852 1064 900 Aug.
1099 857 1209 900 patre
1242 850 1474 896 Theodoro,
1511 857 1636 888 matre
1669 850 1874 888 Elisabeth

308 933 330 958 e
362 927 479 969 gente
513 910 704 967 Houben,
745 921 888 970 quibus
922 922 1039 960 valde
1070 922 1226 970 gaudeo
1259 921 1546 970 superstitibus.
1595 921 1709 960 Fidei
1740 921 1874 960 addic-

307 999 368 1029 tus
402 1005 487 1030 sum
521 992 790 1042 evangelicae.

450 1063 669 1101 Literarum
717 1065 923 1103 elementis
972 1064 1144 1102 imbutus
1190 1077 1276 1102 sum
1324 1064 1365 1101 in
1413 1064 1622 1114 gymnasio
1663 1064 1874 1114 Johanneo

310 1134 621 1184 Hamburgensi.
689 1137 893 1173 Autumno
927 1135 1021 1173 anni
1045 1136 1475 1173 MDCCCLXXXVII
1508 1135 1739 1173 maturitatis
1771 1134 1875 1173 testi-

308 1205 444 1242 monio
481 1206 691 1244 instructus
724 1207 954 1256 Tubingam
1001 1220 1064 1245 me
1096 1207 1260 1253 contuli,
1302 1213 1341 1244 ut
1375 1206 1516 1244 studiis
1550 1206 1803 1256 philologieis
1836 1212 1875 1244 et

306 1258 502 1313 historicis
536 1289 699 1325 operam
733 1278 882 1315 darem.
948 1279 1112 1315 Postero
1157 1290 1263 1315 anno
1296 1277 1449 1315 civibus
1496 1277 1759 1316 universitatis
1794 1277 1874 1315 Fri-

307 1347 466 1385 dericae
500 1348 724 1386 Guilelmae
762 1348 1029 1386 Berolinensis
1077 1349 1312 1398 adscriptus,
1347 1361 1437 1387 vere
1479 1348 1574 1387 anni
1606 1343 1873 1387 MDCCCXC

308 1418 456 1455 Kiliam
511 1419 687 1468 migravi.
772 1419 981 1468 Stipendia
1035 1419 1220 1458 militaria
1272 1420 1349 1458 feci
1401 1419 1614 1470 Tubingae
1667 1433 1702 1458 a.
1752 1420 1789 1458 h.
1840 1433 1871 1458 s.

307 1486 670 1536 LXXXVlIlVIII.

450 1562 681 1599 Docuerunt
710 1574 772 1599 me
795 1575 854 1599 vv.
880 1562 969 1603 dd.:
1004 1562 1178 1612 Bastian,
1213 1563 1338 1607 Blass,
1373 1563 1511 1610 Bruns,
1545 1563 1693 1609 Busoh,
1729 1562 1871 1608 Cauer,

307 1631 476 1677 Curtius,
512 1617 729 1679 Delbriick,
755 1633 950 1678 Deussen,
976 1633 1092 1678 Fehr,
1118 1633 1292 1682 Glogau,
1318 1633 1501 1680 Hubner,
1527 1633 1707 1684 Kiepert‚
1731 1633 1871 1679 Klebs,

304 1703 354 1740 de
389 1703 552 1751 Kugler,
588 1704 637 1741 O.
664 1703 889 1749 Rossbach,
925 1703 1103 1750 Schmid,
1135 1705 1168 1753 J.
1194 1704 1386 1750 Schmidt,
1423 1704 1583 1750 Schum,
1619 1704 1670 1742 de
1693 1704 1872 1754 Sigwart‚

304 1774 512 1818 Steinthal,
548 1774 598 1812 de
631 1774 878 1820 Treitschke,
914 1775 1053 1813 Zeller.

448 1845 587 1882 Blassii
614 1845 770 1883 Brunsii
804 1847 1132 1885 Forchhammeri
1165 1847 1409 1897 benignitate
1441 1854 1561 1896 atque
1593 1847 1872 1885 benevolentia

303 1917 449 1954 factum
483 1924 540 1954 est
574 1924 613 1954 ut
647 1929 715 1966 per
747 1917 821 1954 tria
854 1918 1058 1956 semestria
1099 1918 1248 1956 sodalis
1282 1918 1505 1956 ordinarius
1550 1918 1750 1956 seminarii
1790 1918 1870 1968 phi-

303 1987 465 2035 lologici
499 2000 638 2025 essem.
704 1989 913 2027 Praeterea
946 1989 1055 2026 adfui
1089 1989 1439 2028 exercitationibus
1473 1990 1726 2039 philologieis
1759 1990 1870 2027 Hub-

304 2058 386 2095 neri
419 2059 605 2104 Vahleni,
647 2059 843 2097 historicis
889 2061 1038 2098 Busolti
1085 2060 1328 2099 Hirschfeldi
1361 2061 1535 2107 Schumi,
1581 2061 1870 2111 philosophicis

304 2129 500 2167 Deusseni
534 2131 721 2180 Glogaui‚
755 2132 1070 2181 archaeologicis
1104 2133 1345 2170 Rossbachi.

447 2201 670 2247 Rossbach,
719 2210 757 2239 ut
797 2203 848 2240 ad
892 2203 961 2240 has
995 2204 1249 2251 quaestiones
1298 2204 1428 2242 studia
1472 2210 1758 2255 converterem,
1805 2216 1868 2242 me

295 2261 491 2309 ¹incitavit.
542 2273 724 2311 Eundem
749 2281 785 2311 et
809 2274 1017 2311 Brunsium
1051 2274 1090 2311 in
1123 2275 1200 2312 hoc
1232 2274 1368 2313 libello
1401 2275 1615 2313 scribendo
1648 2287 1866 2324 numquam

304 2342 398 2379 mihi
431 2343 603 2380 defuisse
634 2343 859 2392 gratissimo
893 2344 1027 2383 animo
1060 2346 1261 2394 profiteor.
