2023 3543
758 214 1049 257 ,39-

267 334 346 372 Sed
378 334 458 372 iam
492 334 586 373 satis
619 337 741 374 multa
772 337 822 376 de
855 339 1230 378 commentariorum
1276 350 1527 391 argumento:
1572 343 1672 381 dis-

121 406 445 457 positionem
489 413 645 456 atque
688 415 931 446 naturam
975 421 1147 448 eorum
1188 412 1404 450 videamus.
1481 415 1672 452 Putaverit

122 478 228 517 enim
273 477 486 527 quispiam,
530 490 620 516 cum
666 479 738 516 viri
788 479 910 525 docti,
957 487 997 517 ut
1041 494 1159 530 supra
1191 483 1284 530 dixi,
1330 484 1517 532 plenioris
1551 485 1673 522 Servii

122 549 277 588 scholia
320 549 511 587 additicia
555 550 756 598 appellare
800 551 971 595 soleant,
1018 552 1206 600 plenioris
1256 554 1377 591 Servii
1426 555 1543 592 verba
1587 563 1673 604 post

122 621 307 660 breviora
349 620 502 658 scholia
547 621 678 670 posita
722 634 820 660 esse.
904 623 1036 670 Atque
1079 636 1118 660 re
1162 636 1255 661 vera
1301 638 1445 674 magna
1489 639 1577 674 pars
1622 626 1673 663 ita

122 693 270 743 scripta
303 699 373 741 est,
415 693 487 730 sed
522 693 670 731 inserta
702 700 792 730 sunt
823 693 943 732 etiam
976 697 1168 744 permulta
1200 696 1444 733 brevioribus
1478 705 1594 745 atque
1628 710 1674 734 ea

122 764 334 812 eiusmodi,
367 771 409 801 ut
439 764 634 802 artissime
667 764 767 802 inter
798 777 840 802 se
873 766 1115 804 cohaereant
1147 774 1184 805 et
1216 767 1390 805 eiusdem
1414 768 1567 816 generis
1590 781 1674 806 esse

123 836 345 875 videantur.

267 907 578 946 Consideremus
613 907 718 946 enim
750 908 822 945 hos
855 908 984 947 locos:

267 981 304 1017 A
333 993 367 1024 1,
408 991 507 1029 199:
545 980 595 1025 ,O
629 979 736 1028 passi
759 979 954 1030 graviora]
991 987 1072 1018 arte
1096 993 1239 1029 magna
1264 982 1391 1018 utitur.
1455 983 1548 1020 Vult
1571 983 1672 1020 enim

125 1065 194 1092 eos
238 1051 467 1090 meminisse
507 1050 795 1099 gravissimum,
842 1057 882 1088 ut
924 1051 1148 1100 praesentia
1193 1053 1345 1090 facilius
1387 1054 1562 1090 tolerent.
1629 1055 1674 1091 Et

125 1125 228 1163 bene
273 1122 456 1172 graviora
501 1122 598 1160 dicit
642 1134 728 1160 esse
772 1129 968 1159 transacta
1010 1127 1053 1159 ut
1092 1123 1133 1159 de
1166 1125 1358 1171 praesenti
1385 1137 1441 1161 ees
1472 1126 1676 1173 naufragio

124 1195 328 1234 consoletur
357 1199 393 1232 et
422 1200 464 1232 ut
495 1194 678 1232 ostendat
710 1194 836 1231 futura
868 1206 953 1232 esse
975 1194 1152 1232 leviora‘.
1217 1195 1317 1232 Cum
1340 1202 1536 1233 transacta
1568 1208 1674 1244 prae-

126 1266 268 1312 sentia,
301 1265 526 1316 praesentia
558 1266 686 1302 futura
720 1265 822 1302 bene
845 1271 1072 1313 sequuntur,
1106 1272 1187 1302 tum
1210 1266 1387 1303 universe
1410 1265 1505 1303 illud
1528 1266 1674 1304 dictum

129 1337 378 1389 ‚praesentia‘
413 1337 601 1387 plenioris
635 1336 758 1374 Servii
791 1336 919 1374 verbis
954 1337 1018 1382 ‚de
1050 1337 1244 1385 praesenti
1277 1337 1493 1386 naufragio‘
1528 1337 1675 1386 optime

127 1410 358 1461 explicatur.
423 1410 516 1447 Non
549 1409 672 1446 multo
707 1408 819 1446 aliter
850 1421 910 1446 res
944 1420 986 1445 se
1018 1408 1138 1446 habet
1171 1411 1204 1445 A
1229 1422 1266 1454 4,
1305 1420 1406 1455 207:
1449 1438 1480 1453 ,.
1504 1439 1509 1445 .
1531 1409 1674 1445 Officia

127 1483 235 1522 enirn
267 1482 308 1520 in
341 1482 452 1528 deos,
488 1482 580 1520 licet
612 1488 811 1519 aeternam
844 1480 1017 1517 habeant
1048 1480 1213 1528 gratiam
1246 1485 1280 1516 et
1297 1485 1449 1528 spectent
1466 1485 1542 1516 tam
1566 1485 1676 1528 prae-

127 1555 275 1593 teritum
307 1567 424 1603 quam
444 1554 628 1603 futurum
651 1559 784 1590 tamen
818 1552 857 1589 in
889 1551 1085 1601 praesenti
1118 1552 1203 1600 plus
1237 1552 1394 1589 valent‘.

272 1639 309 1675 A
339 1652 373 1684 1,
412 1649 512 1676 201:
548 1637 752 1686 Cyclopea
783 1631 890 1688 saxa]
926 1642 992 1672 aut
1024 1647 1123 1684 quae
1145 1634 1317 1683 Cyclops
1350 1633 1388 1670 in
1411 1634 1554 1672 Ulixen
1588 1633 1679 1671 iecit

129 1717 197 1749 aut
228 1717 336 1749 certe
359 1709 536 1748 Siciliam
559 1708 655 1747 dicit
676 1721 772 1757 quae
794 1707 973 1756 plut-inas
1003 1707 1086 1744 locis
1115 1719 1254 1743 saxosa
1277 1707 1543 1755 promunturia
1574 1706 1682 1741 habel

87 1780 91 1783 ’
129 1782 169 1820 in
213 1794 295 1832 qua
337 1782 536 1832 Cyclopes
581 1780 882 1822 habitaverunt,
927 1786 967 1817 ut
1014 1778 1098 1828 ipse
1143 1782 1385 1823 ,centum..‘
1469 1778 1677 1814 Possumus

131 1861 267 1894 tamen
299 1862 338 1893 et
369 1855 543 1892 Aetnam
577 1852 759 1902 accipere
805 1864 902 1900 quae
924 1851 1088 1899 propria
1125 1850 1314 1898 Cyclopum
1335 1849 1444 1897 fia‘t‘.

271 1938 333 1976 Ne
365 1937 406 1975 in
440 1938 555 1975 rebus
589 1935 773 1975 dilucidis
806 1935 948 1971 multus
982 1933 1069 1980 sim,
1105 1945 1171 1971 eos
1205 1933 1311 1969 solos
1344 1932 1454 1968 locos
1476 1943 1497 1968 e
1520 1930 1675 1978 quibus,

130 2010 242 2060 quod
273 2011 421 2049 docere
452 2009 549 2047 mibi
581 2007 827 2058 propositum
861 2014 930 2052 est,
966 2005 1097 2042 statim
1122 2012 1284 2053 apparet
1310 2004 1430 2040 affero
1453 2002 1559 2038 nulla
1581 2013 1678 2038 voce

130 2082 335 2133 apposita:
395 2082 433 2119 A
462 2095 495 2127 1,
550 2091 653 2127 204:
705 2078 841 2124 ,Sedes
886 2075 1051 2127 quietas]
1100 2088 1180 2112 non
1223 2081 1336 2111 vacat
1383 2073 1490 2121 quod
1536 2071 1679 2110 adiecit

132 2154 328 2204 ,quietas‘.
393 2152 547 2191 Habuit
579 2151 685 2189 enim
717 2150 831 2188 sedes
865 2156 903 2186 et
935 2148 974 2185 in
1007 2147 1177 2184 Thracia
1209 2146 1274 2182 sed
1302 2149 1532 2193 portentosas
1571 2150 1608 2179 et
1641 2142 1678 2178 in

132 2226 262 2272 Creta,
295 2225 367 2263 sed
389 2225 598 2276 pestilentes
628 2228 663 2260 et
691 2223 769 2259 ideo
800 2233 882 2258 non
915 2220 1095 2269 quietas‘.

273 2299 309 2335 A
339 2311 373 2343 1,
410 2307 516 2346 475:
556 2292 722 2344 ,Infelixl
759 2292 869 2330 multi
901 2292 979 2329 hoc
1011 2291 1101 2328 loco
1124 2288 1366 2337 distinguunt
1397 2291 1432 2323 et
1458 2286 1685 2330 subjungunt

131 2376 241 2420 ,puer
260 2374 372 2419 atque
393 2370 522 2418 impar
541 2378 752 2415 (engressus
774 2364 926 2402 Achilli‘
958 2368 1001 2399 m‘
1028 2375 1074 2399 ex
1104 2374 1142 2398 ee
1173 2361 1350 2408 imparem
1381 2357 1554 2400 ostendat,
1587 2355 1688 2403 quad

101 2480 103 2482 ,
123 2448 242 2492 puer‚·
272 2441 339 2478 sed
365 2446 500 2478 tamen
533 2438 652 2476 etiam
685 2436 716 2474 si
749 2436 886 2484 iungas
923 2437 1058 2482 ,puer‘‚
1103 2443 1202 2469 unus
1235 2423 1533 2477 estsen511s‘³·¹).

275 2515 312 2550 A
339 2526 373 2558 1,
402 2522 506 2561 570:
541 2511 658 2558 ,Eryx
674 2506 842 2545 Veneris
866 2506 1048 2543 etButae
1068 2504 1128 2540 vel
1144 2508 1187 2539 ul
1204 2501 1356 2551 quidam
1378 2499 1506 2535 aalma!
1518 2497 1687 2545 A‘eptum'

133 2585 237 2623 filius
259 2583 348 2628 fuit,
382 2583 448 2633 qui
473 2586 697 2632 praepotens
721 2579 863 2616 viribus
885 2577 1049 2614 ‹nivemzs
1068 2575 1242 2611 caestibus
1263 2570 1492 2620 provocabat
1509 2569 1684 2615 victosque

125 2656 344 2708 perimebat.
407 2655 486 2692 ffi'c
515 2653 670 2692 occisus
702 2652 752 2689 ab
786 2649 958 2687 Hercule
992 2646 1117 2684 monti
1150 2658 1196 2682 ex
1228 2643 1425 2691 sepultura
1447 2652 1515 2676 sua
1536 2649 1680 2675 nomen

133 2727 350 2779 imposuit‘.
414 2728 450 2764 A
477 2740 512 2772 2,
548 2734 624 2774 37:
661 2720 950 2770 ‚Subiectisque
972 2729 1083 2755 urere
1106 2712 1285 2763 flammis]
1324 2715 1427 2760 ,que‘
1463 2708 1682 2758 copulativa

135 2798 368 2839 coniunctio
401 2805 472 2842 est,
510 2801 600 2843 ,aut‘
635 2792 884 2834 disiunctiva.
950 2787 1165 2837 Quomodo
1198 2797 1291 2833 ergo
1324 2784 1393 2820 has
1426 2780 1560 2823 iunxit,
1606 2791 1682 2815 cum

279 3009 322 3057 ³⁴)
349 3010 392 3043 cf.
420 3008 504 3041 infra
529 3018 609 3050 pag.
636 3012 681 3045 47
708 3003 751 3036 ad
778 3009 809 3046 5,
839 3009 921 3040 404.
