2023 3543
722 214 1017 256 ..25-

95 334 306 384 sumpserit
329 334 487 373 brevior
509 335 667 374 Servius
699 342 738 374 et
771 333 806 374 ²⁸.
830 332 863 374 ,⁵⁵
895 349 941 375 ea
973 336 1143 374 breviter
1164 337 1382 375 narraverit
1404 349 1506 386 quae
1529 337 1654 375 noluit

94 406 315 444 accuratius
349 408 504 445 referre.

240 491 274 527 A
306 503 340 535 1,
379 493 450 539 78:
486 491 564 536 ,Tu
597 491 691 529 mihi
726 492 994 541 quodcunque
1027 492 1104 529 hoc
1136 490 1259 541 regni]
1295 492 1411 530 rediit
1442 492 1493 530 ad
1526 491 1653 541 physi-

95 574 183 599 cam
232 561 440 600 rationem.
505 563 607 600 Nam
656 570 785 600 motus
823 563 936 607 aeris,
971 563 1012 601 id
1045 570 1103 602 est
1131 563 1312 613 Junonis,
1361 571 1498 601 ventos
1532 571 1652 607 creat,

95 633 239 682 quibus
273 634 420 671 Aeolus
464 642 631 683 praeest.
697 634 882 672 Dicendo
924 643 1054 674 autem
1100 635 1398 684 ‚quodcunque‘
1441 642 1505 672 aut
1551 647 1652 672 vere-

95 704 225 742 cunde
264 704 330 749 ait,
373 718 422 743 ne
463 705 642 743 videatur
683 706 883 755 adrogans
915 712 987 743 aut
1013 708 1104 755 quia
1137 708 1212 755 lpse
1242 720 1310 743 rex
1340 707 1406 743 sub
1437 707 1558 743 aliem)
1589 707 1654 743 im-

86 777 195 825 perio
226 782 280 814 est
310 784 376 814 aut
409 777 577 815 latenter
599 790 726 826 paene
759 777 913 814 iocatur
936 786 1068 827 poeta,
1103 777 1190 826 quis
1222 777 1327 814 enim
1351 784 1479 827 potest
1503 784 1654 822 ventOS‚

95 846 138 885 id
170 855 229 885 est
262 860 344 885 rem
377 847 536 886 inanem
571 848 726 886 tenere?
790 848 1074 897 ‚Quodcmtque‘
1122 861 1208 896 ergo
1251 849 1354 897 quod
1394 849 1530 893 ,clauso
1573 861 1654 885 retz—

95 923 217 956 tomm
236 931 376 957 carcere
408 924 547 968 regyzo‘,
581 932 644 957 nec
671 921 710 957 itt
743 933 823 957 mea
857 933 972 957 manu
1004 926 1057 958 est
1084 921 1161 957 m'sl
1189 921 1287 958 iusso
1318 926 1440 958 veteres
1470 922 1655 957 emittm-cf

238 1015 374 1053 Verba
420 1015 487 1053 illa
529 1015 718 1065 plenioris
772 1024 891 1064 atque
946 1016 1137 1053 brevioris
1188 1015 1309 1053 Servii
1351 1015 1552 1061 ,Dicendo
1577 1046 1584 1053 .
1612 1046 1653 1053 ..

96 1091 231 1136 poeta‘
276 1086 441 1124 Thiloni
480 1099 562 1124 non
601 1094 692 1136 apte
725 1087 948 1136 composita
989 1100 1075 1125 esse
1118 1087 1311 1125 videntur.
1379 1087 1508 1124 Prima
1550 1087 1654 1124 enim

97 1164 134 1196 et
165 1158 341 1196 secunda
374 1158 583 1204 sententia,
617 1171 859 1207 quamquam
893 1158 1012 1196 artius
1045 1158 1146 1196 inter
1177 1172 1218 1196 se
1252 1159 1480 1203 cohaerent,
1515 1158 1655 1195 eadem

97 1229 290 1279 particula
319 1235 427 1274 ‚aut‘‚
477 1242 556 1278 qua
598 1230 711 1267 tertia
747 1230 1017 1279 seiunguntur.
1084 1231 1164 1268 Sed
1209 1230 1281 1268 etsi
1324 1229 1480 1274 similia,
1524 1237 1655 1267 tamen

96 1314 178 1338 non
210 1301 351 1339 eadem
391 1308 597 1340 notantur:
642 1302 705 1339 hic
738 1301 886 1339 Aeolus
929 1302 1166 1346 ,verecunde
1214 1301 1281 1339 ait‘
1328 1301 1436 1350 quod
1482 1301 1655 1350 speciem

96 1372 346 1422 arrogantiae
378 1372 499 1411 vitare
531 1373 624 1418 vult,
659 1373 739 1410 illic
772 1373 880 1422 quod
905 1373 1100 1421 obsequio
1134 1373 1298 1421 cogitur.
1368 1374 1492 1410 Recte
1525 1380 1656 1409 autem

97 1444 250 1482 monuit
293 1444 351 1481 vir
395 1444 536 1482 doctus
576 1445 673 1483 illud
712 1445 997 1493 ,quodcunque
1045 1449 1210 1493 ergo..‘
1256 1444 1306 1482 ad
1355 1443 1656 1481 antecedentem

96 1516 333 1554 sententiam
366 1516 499 1554 referri
540 1529 620 1554 non
665 1529 800 1566 posse:
842 1528 972 1565 neque
1020 1516 1236 1564 putaverim
1277 1515 1404 1564 ipsum
1439 1515 1656 1564 pleniorem

98 1586 274 1625 Servium
310 1587 350 1625 id
383 1587 573 1626 voluisse:
618 1588 740 1625 immo
774 1586 1001 1637 arrogantia
1034 1586 1115 1624 sive
1149 1586 1343 1624 modestia
1375 1586 1572 1635 explicata
1604 1598 1658 1623 re-

99 1659 157 1697 dit
189 1659 240 1696 ad
288 1659 410 1696 verba
442 1659 502 1696 his
563 1660 966 1704 ‚latenter..tenere‘
1011 1657 1298 1695 antecedentia.
1364 1659 1459 1705 Qua
1502 1670 1540 1694 re
1586 1657 1655 1694 etsi

99 1743 274 1769 conexus
309 1730 593 1768 sententiarum
626 1730 844 1779 paullulum
886 1729 1192 1778 interrumpitur,
1226 1737 1358 1766 tamen
1393 1729 1559 1766 sormam
1593 1741 1656 1765 ne-

101 1803 274 1852 glectam
307 1802 569 1851 grammatico
603 1802 729 1851 quarti
763 1801 908 1839 saeculi
942 1800 1172 1838 condonare
1203 1800 1307 1838 licet.

244 1900 277 1935 A
306 1911 340 1943 1,
382 1908 478 1946 127:
516 1898 732 1943 ‚Placidum
766 1895 897 1948 caput]
948 1905 1141 1945 quaerunt
1174 1896 1283 1933 multi
1318 1895 1658 1944 quemadmodum

102 1969 320 2020 ,placidum
363 1975 498 2020 caput‘,
542 1970 573 2006 si
619 1970 803 2018 ,graviter
835 1967 1100 2021 commotus‘ssj
1145 1969 1256 2016 quasi
1290 1981 1371 2005 non
1405 1967 1528 2016 possit
1562 1966 1658 2011 fieri,

103 2048 143 2079 ut
175 2041 367 2079 irascatur
399 2041 539 2086 ventis,
573 2040 766 2090 propitius
800 2039 849 2077 sit
881 2039 1078 2077 Troianis.
1142 2039 1321 2088 Epz'tlzcla
1353 2040 1450 2075 enim
1481 2038 1561 2074 alia
1594 2051 1658 2074 ml<

101 2114 246 2151 laralia
290 2118 389 2158 stmt,
435 2113 515 2150 alia
557 2113 612 2150 ad
649 2118 800 2158 tempus.
864 2111 921 2148 Et
956 2111 1169 2160 ‚phzcidum‘
1216 2116 1258 2146 ut
1286 2110 1462 2147 naturale
1494 2109 1664 2157 erlmli

103 2189 167 2230 est,
201 2186 254 2222 ita
288 2185 472 2233 ,graviter
501 2188 709 2222 commotus‘
751 2184 807 2220 ad
833 2188 972 2232 tempus
1002 2183 1045 2220 ob
1065 2183 1214 2231 fizctam
1247 2186 1501 2230 tcmpesmlcm.
1568 2180 1659 2217 Uno

103 2265 234 2294 autem
279 2256 456 2305 epitheto
495 2268 604 2293 more
649 2267 721 2292 suo
764 2254 943 2291 habitum
982 2254 1133 2291 futurae
1168 2253 1357 2290 orationis
1392 2251 1577 2296 ostendit,
1621 2260 1660 2288 ut

104 2327 202 2365 alibi
234 2340 314 2365 uno
347 2339 530 2365 sermone
562 2334 658 2372 ,tum
692 2338 885 2375 quassans
919 2330 1064 2374 caput‘.

248 2411 375 2449 Recte
417 2410 536 2448 Thilo
570 2410 722 2448 monuit
753 2410 795 2446 in
828 2409 1061 2447 Cassellano
1095 2407 1235 2445 codice
1268 2406 1441 2444 diversas
1475 2407 1660 2455 interpre-

106 2482 277 2521 tationes
309 2481 443 2527 ‚enim‘
481 2481 714 2531 interposito
745 2466 848 2518 vsalso
881 2479 1114 2517 coniunctas
1139 2492 1224 2517 esse
1257 2478 1368 2527 quasi
1402 2478 1507 2527 prior
1539 2478 1660 2515 altera

106 2554 418 2592 confirmaretur.
482 2553 573 2591 Alia
617 2566 677 2590 res
721 2559 851 2590 autern
895 2564 977 2588 non
1019 2551 1164 2596 obstat,
1210 2563 1299 2587 cum
1332 2549 1452 2598 verba
1484 2550 1592 2594 ‚Uno
1617 2578 1658 2586 ..

106 2628 236 2675 caput‘
277 2625 329 2662 ad
361 2632 566 2673 utramque
599 2623 886 2673 expositionem
923 2621 1130 2670 quadrent.
1206 2623 1257 2658 At
1290 2620 1340 2658 de
1372 2620 1536 2669 singulis
1569 2633 1660 2656 con-

107 2695 377 2734 iunctionibus
426 2695 703 2733 difficillimum
754 2701 811 2732 est
844 2693 1017 2731 iudicatu
1050 2693 1159 2741 quod
1183 2692 1297 2729 facile
1325 2705 1348 2729 a
1378 2691 1547 2728 librariis
1580 2704 1662 2728 cor-

107 2767 392 2817 rumpebantur
428 2767 490 2804 vel
522 2766 848 2816 neglegebantur,
882 2763 1112 2813 praesertim
1148 2776 1237 2800 cum
1260 2775 1452 2812 persaepe
1475 2762 1578 2799 notis
1602 2762 1662 2799 vel

109 2838 233 2888 signis
266 2845 419 2876 tanturn
453 2838 492 2875 in
525 2837 635 2875 libris
668 2835 966 2884 manuscriptis
990 2835 1316 2884 significarentur.
1372 2834 1491 2871 Velut
1516 2834 1661 2870 nullam

109 2910 186 2948 iam
220 2909 484 2947 offensionem
527 2909 719 2958 praebere
764 2906 982 2957 pleniorem
1032 2906 1358 2944 commentarium
1399 2917 1558 2949 censeo,
1592 2917 1663 2953 pro

109 2980 242 3028 ,enim‘
276 2980 308 3018 si
339 2980 489 3025 ,etiam‘
520 2980 700 3030 legimus.
