2023 3543
0 1282 15 1347 ᾖ

0 1365 13 1435 lt

0 1437 7 1482 ι

0 3322 14 3422 »ιη’-ι’

775 241 1076 280 -35-

136 359 278 395 'autem
309 366 383 403 pro
413 359 562 403 ,grave¹
595 357 741 405 posuit,
783 371 873 396 narn
920 365 1064 409 ,grave‘
1107 370 1164 400 est
1197 376 1266 413 per
1298 371 1476 403 naturam
1510 368 1705 415 pondero-

146 436 254 471 sum,¹
282 430 513 473 ,gravatum‘
549 428 659 475 quod
691 438 875 468 oneratur
913 431 1199 479 extrinsecus“,
1233 435 1272 472 in
1306 436 1483 485 pleniore
1507 450 1702 476 commen-

146 495 248 534 tario
283 496 385 534 haec
408 498 591 547 apposita
630 500 834 549 leguntur:
880 503 960 547 ,sed
984 505 1139 552 quidam
1171 507 1299 544 melius
1332 514 1558 553 gras-'atzmu‘
1590 523 1704 558 quam

146 571 290 617 ,grave‘
321 568 456 605 dictum
487 570 627 615 volunt,
659 574 773 620 quasi
812 575 1035 611 extrinsecus
1080 577 1170 613 nodi
1214 579 1290 614 sin!
1332 580 1479 617 additi!
1542 581 1703 630 Optime

146 638 303 689 plenior
334 640 490 677 Servius
525 643 801 690 ,quorundam‘
845 645 896 682 de
929 657 976 683 ea
1013 659 1054 684 re
1097 649 1331 686 sententiam
1376 651 1569 689 adiecisse
1608 653 1702 689 mihi

135 710 301 755 *videtur
333 710 445 749 alteri
478 724 597 761 quam
637 715 762 752 solam
805 718 1131 756 commemoravit
1164 720 1341 758 brevior:
1386 729 1549 770 apparet
1597 724 1701 760 enim

114 782 368 820 ⁴breviorem
403 783 580 821 Servium
614 797 731 834 aegre
770 787 917 832 tulisse,
961 789 1070 837 quod
1111 798 1230 838 poeta
1274 798 1501 840 ,gravatum¹
1549 795 1702 843 scripsit

145 866 277 904 neque
309 854 446 893 maluit
475 868 565 893 curn
599 856 650 894 de
682 870 722 896 re
754 871 824 908 per
855 866 1034 898 naturam
1066 863 1293 910 ponderosa
1332 872 1524 912 ageretur,
1569 865 1701 903 dicere

147 929 311 976 ,grave‘.
376 926 536 964 Plenior
566 935 696 966 autern
730 929 826 966 dicit
858 930 983 980 ipsum
1019 932 1113 969 illud
1148 939 1376 982 ,gravatum‘
1410 948 1432 972 a
1464 936 1699 984 quibusdam

146 997 333 1036 anteferri
367 998 478 1047 quod
500 1011 582 1036 non
602 999 652 1037 de
686 1012 725 1038 re
757 1001 868 1050 gravi
885 1024 942 1028 ——‡
965 1003 1005 1040 id
1029 1011 1085 1041 est
1106 1016 1176 1053 per
1198 1013 1376 1043 naturam
1401 1007 1627 1055 ponderosa
1646 1031 1699 1034 —

146 1069 218 1108 sed
261 1069 313 1108 de
359 1070 488 1118 ‚nodis
533 1070 775 1109 extrinsecus
821 1073 980 1111 additis‘
1027 1082 1185 1123 poetam
1226 1076 1357 1114 dicere
1389 1078 1572 1126 putarint.
1637 1079 1700 1115 Ad

134 1141 366 1180 ,iterationis
399 1141 517 1192 igitur
549 1150 781 1192 argumenta
813 1143 877 1182 hic
899 1146 1009 1182 locus
1032 1145 1197 1184 diversis
1234 1148 1373 1196 plenus
1397 1149 1571 1186 revocari
1596 1157 1699 1187 certe

145 1226 228 1251 non
260 1220 403 1264 potest.

287 1286 324 1323 A
349 1287 387 1331 8,
433 1297 514 1334 393
562 1285 720 1335 plenior
767 1287 923 1324 Servius
972 1288 1126 1338 scripsit
1173 1289 1291 1328 haec:
1344 1291 1519 1333 ,Formae
1563 1293 1699 1329 conscia

144 1354 318 1408 conz'unx]
365 1356 546 1394 intellexit
582 1369 620 1394 se
658 1357 738 1394 sola
774 1358 1050 1407 pulchritudine
1084 1362 1306 1409 per-vertisse
1360 1367 1510 1398 mentem
1557 1364 1696 1400 mariti.

145 1428 232 1465 Alii
260 1427 408 1465 duabus
438 1428 546 1465 rebus
579 1428 748 1465 Venerem
781 1430 911 1466 volunt
939 1431 1120 1467 maritum
1153 1431 1381 1477 adgressum,
1422 1433 1513 1469 dolis
1552 1439 1586 1469 et
1614 1434 1695 1483 pul-

145 1499 354 1537 chritudine
367 1514 379 1537 .·
410 1504 447 1537 et
475 1499 607 1537 volunt
627 1500 732 1544 ‚dolis
753 1505 788 1537 el
804 1501 961 1549 formae
983 1503 1148 1547 conscia‘,
1181 1516 1295 1550 quam
1319 1504 1459 1547 jacar,
1492 1510 1526 1540 el
1543 1505 1699 1553 formae

145 1571 274 1608 mellus
305 1571 433 1609 dativo
463 1583 550 1608 casu
581 1584 697 1620 quam
725 1573 916 1620 gcneliw‘.

286 1643 380 1681 Non
413 1649 520 1680 recte
552 1642 649 1680 mihi
682 1643 903 1681 Schoellius
940 1651 989 1686 ,et
1021 1645 1184 1682 formae‘
1219 1658 1336 1683 voces
1370 1646 1560 1683 delevisse
1594 1647 1696 1685 vide-

144 1720 218 1760 tur,
253 1714 444 1763 quoniam
466 1714 544 1752 hoc
567 1715 658 1752 loco
679 1715 806 1764 agitur
837 1715 888 1753 de
912 1716 1065 1754 duabus
1087 1717 1203 1754 rebus
1228 1725 1264 1754 et
1299 1717 1426 1762 ,dolis‘
1460 1726 1497 1755 et
1530 1719 1715 1759 ,forma‘.-

145 1785 344 1835 Equidem
393 1787 521 1832 ‚velle‘
570 1787 743 1836 positum
792 1799 878 1826 esse
925 1796 1020 1837 puto
1068 1801 1140 1838 pro
1174 1789 1316 1833 ,malle‘
1353 1798 1510 1826 etcum
1548 1796 1693 1838 ,quam‘

143 1857 350 1907 particula.
415 1858 590 1897 Necesse
641 1866 772 1896 autem
824 1866 882 1897 est
925 1859 1108 1908 supplere
1153 1859 1386 1897 sententiam
1431 1861 1511 1897 sic:
1566 1874 1696 1909 ,quam

144 1928 248 1967 laeta
278 1929 409 1967 dolis‘.

285 2002 338 2039 At
369 2002 447 2039 hoc
479 2001 591 2052 parvi
634 2002 825 2040 momenti
869 2009 947 2041 est:
994 2001 1045 2039 ad
1085 2001 1213 2051 ipsum
1255 2002 1580 2040 commentarium
1623 2015 1696 2040 nos

143 2080 440 2112 convertamus:
487 2081 606 2123 atque
650 2074 819 2124 primum
869 2074 1030 2123 quidem
1077 2074 1230 2122 plenior
1274 2073 1429 2111 Servius
1477 2074 1695 2111 secundum

142 2144 290 2183 lemma
321 2145 372 2183 de
404 2146 490 2184 Sola
520 2146 647 2184 forma
678 2147 739 2184 vel
780 2145 1074 2195 pulchritudine
1116 2145 1225 2189 dixit,
1269 2158 1346 2194 qua
1388 2158 1465 2182 una
1507 2158 1545 2183 re
1585 2159 1695 2183 mens

145 2216 278 2254 mariti
308 2230 496 2267 perversa
529 2225 645 2257 esset.
710 2218 868 2256 Deinde
901 2217 1068 2255 aliorum
1102 2217 1335 2254 sententiam
1375 2217 1424 2254 de
1466 2217 1542 2253 hoc
1584 2230 1694 2255 versu

143 2288 304 2337 profert,
347 2289 416 2338 qui
461 2289 614 2327 duabus
656 2290 772 2328 rebus
815 2290 1022 2327 voluerunt
1063 2288 1192 2326 mariti
1226 2296 1396 2325 mentem
1436 2289 1614 2337 perverti,
1658 2296 1695 2325 et

143 2359 246 2397 dolis
279 2366 318 2399 et
349 2361 656 2410 pulchritudine,
701 2369 819 2410 atque
850 2361 962 2399 addit
995 2360 1223 2398 eorumdem
1257 2359 1426 2396 virorum
1459 2360 1693 2397 sententiam

142 2431 194 2469 de
227 2432 380 2470 ratione
410 2433 672 2482 grammatica
704 2445 806 2482 quae
849 2433 925 2469 hac
967 2432 1121 2470 diversa
1162 2431 1481 2480 interpretatione
1520 2432 1691 2480 paullum

142 2510 417 2542 commutatur.
483 2505 621 2542 Habes
663 2504 779 2554 igitur
819 2503 1012 2541 scholium
1055 2503 1203 2540 clarum
1248 2509 1365 2550 atque
1405 2502 1610 2551 integrum,
1654 2502 1691 2538 in

142 2587 224 2624 quo
255 2587 386 2624 neque
420 2575 635 2625 quicquam
669 2575 916 2613 desideratur
948 2586 1077 2623 neque
1110 2574 1275 2611 moleste
1308 2573 1437 2611 fertur.

283 2658 410 2697 Aliter
440 2659 599 2697 brevior
631 2659 788 2697 Servius
822 2659 898 2696 hoc
932 2665 1200 2696 commentum
1233 2656 1475 2705 composuit:
1513 2657 1692 2700 ,Formae

141 2729 306 2768 conscia
347 2729 533 2782 coniunx]
579 2730 770 2769 intellexit
812 2742 854 2768 se
895 2729 998 2767 dolis
1040 2736 1077 2767 et
1123 2727 1416 2777 pulchritudine
1460 2727 1692 2777 pervertisse

142 2807 316 2840 mentem
347 2802 505 2841 mariti‘.

284 2873 399 2911 Clare
431 2874 610 2913 videmus
643 2873 776 2923 inepte
809 2872 936 2921 egisse
960 2872 1136 2910 Servium
1161 2871 1394 2909 breviorem.
1440 2871 1484 2907 In
1508 2871 1691 2908 lemmate

142 2944 294 2983 scilicet
325 2945 498 2984 scribere
530 2945 704 2983 debebat
749 2944 864 2993 ,dolis
898 2951 937 2982 et
969 2944 1118 2981 formae
1157 2942 1319 2980 conscia
1356 2942 1557 2986 confflnx‘,
1602 2955 1689 2979 cum

143 3016 414 3068 interpretatio
446 3018 560 3056 latius
593 3023 739 3068 pateat,
800 3017 833 3054 E
865 3015 1047 3070 Thilonis
1082 3022 1212 3053 autem
1246 3013 1438 3052 sententia
1470 3026 1541 3064 pro
1576 3013 1691 3058 ,dolis
