<?xml version="1.0" encoding="UTF-8"?>
<!DOCTYPE html PUBLIC "-//W3C//DTD XHTML 1.0 Transitional//EN"
    "http://www.w3.org/TR/xhtml1/DTD/xhtml1-transitional.dtd">
<html xmlns="http://www.w3.org/1999/xhtml" xml:lang="en" lang="en">
 <head>
  <title>
</title>
<meta http-equiv="Content-Type" content="text/html;charset=utf-8" />
  <meta name='ocr-system' content='tesseract 3.04.00' />
  <meta name='ocr-capabilities' content='ocr_page ocr_carea ocr_par ocr_line ocrx_word'/>
</head>
<body>
  <div class='ocr_page' id='page_1' title='image "./quaestionesservi00moeluoft_0022.png"; bbox 0 0 2023 3543; ppageno 0'>
   <div class='ocr_carea' id='block_1_1' title="bbox 995 254 1290 289">
    <p class='ocr_par' dir='ltr' id='par_1_1' title="bbox 995 254 1290 289">
     <span class='ocr_line' id='line_1_1' title="bbox 995 254 1290 289; baseline -0.003 -21"><span class='ocrx_word' id='word_1_1' title='bbox 995 254 1290 289; x_wconf 54' lang='lat'>„14-</span> 
     </span>
    </p>
   </div>
   <div class='ocr_carea' id='block_1_2' title="bbox 366 370 1932 2136">
    <p class='ocr_par' dir='ltr' id='par_1_2' title="bbox 366 370 1923 490">
     <span class='ocr_line' id='line_1_2' title="bbox 366 370 1923 422; baseline -0.003 -11"><span class='ocrx_word' id='word_1_2' title='bbox 366 374 520 422; x_wconf 87' lang='lat' dir='ltr'>plenior</span> <span class='ocrx_word' id='word_1_3' title='bbox 568 372 724 410; x_wconf 85' lang='lat' dir='ltr'>Servius</span> <span class='ocrx_word' id='word_1_4' title='bbox 770 371 907 417; x_wconf 87' lang='lat' dir='ltr'>voluit,</span> <span class='ocrx_word' id='word_1_5' title='bbox 943 383 1059 421; x_wconf 87' lang='lat' dir='ltr'>quam</span> <span class='ocrx_word' id='word_1_6' title='bbox 1095 371 1145 408; x_wconf 85' lang='lat' dir='ltr'>ad</span> <span class='ocrx_word' id='word_1_7' title='bbox 1180 383 1267 408; x_wconf 89' lang='lat' dir='ltr'>eum</span> <span class='ocrx_word' id='word_1_8' title='bbox 1303 371 1369 419; x_wconf 86' lang='lat' dir='ltr'>qui</span> <span class='ocrx_word' id='word_1_9' title='bbox 1412 370 1738 409; x_wconf 85' lang='lat' dir='ltr'>commentarium</span> <span class='ocrx_word' id='word_1_10' title='bbox 1763 382 1923 420; x_wconf 88' lang='lat' dir='ltr'>compo·</span> 
     </span>
     <span class='ocr_line' id='line_1_3' title="bbox 366 443 1240 490; baseline -0.002 -9"><span class='ocrx_word' id='word_1_11' title='bbox 366 444 452 490; x_wconf 88' lang='lat' dir='ltr'>suit,</span> <span class='ocrx_word' id='word_1_12' title='bbox 487 456 576 481; x_wconf 92' lang='lat' dir='ltr'>cum</span> <span class='ocrx_word' id='word_1_13' title='bbox 610 443 791 480; x_wconf 81' lang='lat' dir='ltr'>breviore</span> <span class='ocrx_word' id='word_1_14' title='bbox 825 443 960 480; x_wconf 85' lang='lat' dir='ltr'>Servio</span> <span class='ocrx_word' id='word_1_15' title='bbox 995 455 1240 480; x_wconf 83' lang='lat' dir='ltr'>revocamus.</span> 
     </span>
    </p>

    <p class='ocr_par' dir='ltr' id='par_1_3' title="bbox 366 512 1926 979">
     <span class='ocr_line' id='line_1_4' title="bbox 511 512 1926 563; baseline -0.001 -11"><span class='ocrx_word' id='word_1_16' title='bbox 511 515 588 552; x_wconf 84' lang='lat' dir='ltr'>Sed</span> <span class='ocrx_word' id='word_1_17' title='bbox 623 514 739 552; x_wconf 83' lang='lat' dir='ltr'>etiam</span> <span class='ocrx_word' id='word_1_18' title='bbox 775 515 902 550; x_wconf 87' lang='lat' dir='ltr'>Varro</span> <span class='ocrx_word' id='word_1_19' title='bbox 952 513 1183 563; x_wconf 72' lang='lat' dir='ltr'>&lt;A4,167)</span> <span class='ocrx_word' id='word_1_20' title='bbox 1231 513 1282 550; x_wconf 90' lang='lat' dir='ltr'>de</span> <span class='ocrx_word' id='word_1_21' title='bbox 1330 512 1503 562; x_wconf 81' lang='lat' dir='ltr'>antiquis</span> <span class='ocrx_word' id='word_1_22' title='bbox 1537 513 1780 563; x_wconf 76' lang='lat' dir='ltr'>temporibus</span> <span class='ocrx_word' id='word_1_23' title='bbox 1828 512 1926 550; x_wconf 86' lang='lat' dir='ltr'>dicit</span> 
     </span>
     <span class='ocr_line' id='line_1_5' title="bbox 367 584 1923 635; baseline -0.001 -12"><span class='ocrx_word' id='word_1_24' title='bbox 367 599 438 635; x_wconf 90' lang='lat' dir='ltr'>per</span> <span class='ocrx_word' id='word_1_25' title='bbox 456 586 729 634; x_wconf 86' lang='lat' dir='ltr'>imperfectum</span> <span class='ocrx_word' id='word_1_26' title='bbox 756 584 1036 633; x_wconf 86' lang='lat' dir='ltr'>,accipiebant‘</span> <span class='ocrx_word' id='word_1_27' title='bbox 1071 597 1201 633; x_wconf 88' lang='lat' dir='ltr'>neque</span> <span class='ocrx_word' id='word_1_28' title='bbox 1219 584 1331 621; x_wconf 88' lang='lat' dir='ltr'>aliter</span> <span class='ocrx_word' id='word_1_29' title='bbox 1354 584 1508 633; x_wconf 81' lang='lat' dir='ltr'>plenior</span> <span class='ocrx_word' id='word_1_30' title='bbox 1531 585 1688 623; x_wconf 88' lang='lat' dir='ltr'>Servius</span> <span class='ocrx_word' id='word_1_31' title='bbox 1713 585 1923 628; x_wconf 79' lang='lat' dir='ltr'>,solebant‘</span> 
     </span>
     <span class='ocr_line' id='line_1_6' title="bbox 367 655 1924 706; baseline 0.001 -13"><span class='ocrx_word' id='word_1_32' title='bbox 367 657 533 706; x_wconf 69' lang='lat' dir='ltr'>scripsit,</span> <span class='ocrx_word' id='word_1_33' title='bbox 582 669 670 693; x_wconf 85' lang='lat' dir='ltr'>cum</span> <span class='ocrx_word' id='word_1_34' title='bbox 707 656 937 704; x_wconf 77' lang='lat' dir='ltr'>explicaret,</span> <span class='ocrx_word' id='word_1_35' title='bbox 987 656 1247 704; x_wconf 84' lang='lat' dir='ltr'>quamobrem</span> <span class='ocrx_word' id='word_1_36' title='bbox 1283 655 1394 705; x_wconf 88' lang='lat' dir='ltr'>pueri</span> <span class='ocrx_word' id='word_1_37' title='bbox 1439 663 1558 705; x_wconf 85' lang='lat' dir='ltr'>atque</span> <span class='ocrx_word' id='word_1_38' title='bbox 1590 657 1747 705; x_wconf 88' lang='lat' dir='ltr'>puellae</span> <span class='ocrx_word' id='word_1_39' title='bbox 1781 669 1924 706; x_wconf 88' lang='lat' dir='ltr'>aquam</span> 
     </span>
     <span class='ocr_line' id='line_1_7' title="bbox 367 726 1925 777; baseline 0 -13"><span class='ocrx_word' id='word_1_40' title='bbox 367 741 468 777; x_wconf 75' lang='lat' dir='ltr'>quae</span> <span class='ocrx_word' id='word_1_41' title='bbox 508 728 628 776; x_wconf 87' lang='lat' dir='ltr'>ipsius</span> <span class='ocrx_word' id='word_1_42' title='bbox 673 727 920 774; x_wconf 78' lang='lat' dir='ltr'>temporibus</span> <span class='ocrx_word' id='word_1_43' title='bbox 966 727 1113 776; x_wconf 87' lang='lat' dir='ltr'>nuptiis</span> <span class='ocrx_word' id='word_1_44' title='bbox 1146 726 1344 771; x_wconf 84' lang='lat' dir='ltr'><strong>intererat,</strong></span> <span class='ocrx_word' id='word_1_45' title='bbox 1400 727 1494 764; x_wconf 93' lang='lat' dir='ltr'>olim</span> <span class='ocrx_word' id='word_1_46' title='bbox 1544 727 1779 765; x_wconf 85' lang='lat' dir='ltr'>hausissent.</span> <span class='ocrx_word' id='word_1_47' title='bbox 1847 727 1925 764; x_wconf 87' lang='lat' dir='ltr'>Ple-</span> 
     </span>
     <span class='ocr_line' id='line_1_8' title="bbox 366 798 1925 847; baseline 0 -12"><span class='ocrx_word' id='word_1_48' title='bbox 366 799 453 836; x_wconf 85' lang='lat' dir='ltr'>nior</span> <span class='ocrx_word' id='word_1_49' title='bbox 486 799 589 836; x_wconf 88' lang='lat' dir='ltr'>enim</span> <span class='ocrx_word' id='word_1_50' title='bbox 624 799 779 836; x_wconf 76' lang='lat' dir='ltr'>Servius</span> <span class='ocrx_word' id='word_1_51' title='bbox 814 811 893 836; x_wconf 89' lang='lat' dir='ltr'>non</span> <span class='ocrx_word' id='word_1_52' title='bbox 928 799 977 836; x_wconf 90' lang='lat' dir='ltr'>de</span> <span class='ocrx_word' id='word_1_53' title='bbox 1011 798 1203 836; x_wconf 84' lang='lat' dir='ltr'>brevioris</span> <span class='ocrx_word' id='word_1_54' title='bbox 1237 798 1360 835; x_wconf 81' lang='lat' dir='ltr'>Servii</span> <span class='ocrx_word' id='word_1_55' title='bbox 1397 806 1462 835; x_wconf 88' lang='lat' dir='ltr'>aut</span> <span class='ocrx_word' id='word_1_56' title='bbox 1494 798 1616 847; x_wconf 87' lang='lat' dir='ltr'>ipsius</span> <span class='ocrx_word' id='word_1_57' title='bbox 1649 805 1778 836; x_wconf 87' lang='lat' dir='ltr'>aetate</span> <span class='ocrx_word' id='word_1_58' title='bbox 1819 799 1925 836; x_wconf 88' lang='lat' dir='ltr'>locu-</span> 
     </span>
     <span class='ocr_line' id='line_1_9' title="bbox 366 869 1926 919; baseline 0 -12"><span class='ocrx_word' id='word_1_59' title='bbox 366 878 425 907; x_wconf 80' lang='lat' dir='ltr'>tus</span> <span class='ocrx_word' id='word_1_60' title='bbox 460 878 529 914; x_wconf 83' lang='lat' dir='ltr'>est,</span> <span class='ocrx_word' id='word_1_61' title='bbox 565 870 636 907; x_wconf 84' lang='lat' dir='ltr'>sed</span> <span class='ocrx_word' id='word_1_62' title='bbox 670 870 720 906; x_wconf 86' lang='lat' dir='ltr'>de</span> <span class='ocrx_word' id='word_1_63' title='bbox 769 882 814 907; x_wconf 84' lang='lat' dir='ltr'>ea</span> <span class='ocrx_word' id='word_1_64' title='bbox 863 870 973 907; x_wconf 89' lang='lat' dir='ltr'>cuius</span> <span class='ocrx_word' id='word_1_65' title='bbox 1008 870 1338 907; x_wconf 81' lang='lat' dir='ltr'>consuetudinem</span> <span class='ocrx_word' id='word_1_66' title='bbox 1388 870 1604 919; x_wconf 82' lang='lat' dir='ltr'>nuptialem</span> <span class='ocrx_word' id='word_1_67' title='bbox 1646 869 1762 907; x_wconf 84' lang='lat' dir='ltr'>etiam</span> <span class='ocrx_word' id='word_1_68' title='bbox 1797 871 1926 907; x_wconf 87' lang='lat' dir='ltr'>Varro</span> 
     </span>
     <span class='ocr_line' id='line_1_10' title="bbox 366 942 557 979; baseline 0.005 -1"><span class='ocrx_word' id='word_1_69' title='bbox 366 942 557 979; x_wconf 74' lang='lat' dir='ltr'>tractavit.</span> 
     </span>
    </p>

    <p class='ocr_par' dir='ltr' id='par_1_4' title="bbox 368 1012 1925 1122">
     <span class='ocr_line' id='line_1_11' title="bbox 509 1012 1925 1062; baseline 0 -12"><span class='ocrx_word' id='word_1_70' title='bbox 509 1015 638 1062; x_wconf 82' lang='lat' dir='ltr'>Atque</span> <span class='ocrx_word' id='word_1_71' title='bbox 673 1013 772 1050; x_wconf 81' lang='lat' dir='ltr'>haec</span> <span class='ocrx_word' id='word_1_72' title='bbox 813 1013 997 1050; x_wconf 90' lang='lat' dir='ltr'>Thilonis</span> <span class='ocrx_word' id='word_1_73' title='bbox 1046 1013 1259 1052; x_wconf 86' lang='lat' dir='ltr'>hactenus:</span> <span class='ocrx_word' id='word_1_74' title='bbox 1294 1013 1372 1050; x_wconf 84' lang='lat' dir='ltr'>iarn</span> <span class='ocrx_word' id='word_1_75' title='bbox 1422 1013 1472 1050; x_wconf 88' lang='lat' dir='ltr'>ad</span> <span class='ocrx_word' id='word_1_76' title='bbox 1506 1012 1754 1062; x_wconf 83' lang='lat' dir='ltr'>propositum</span> <span class='ocrx_word' id='word_1_77' title='bbox 1802 1025 1925 1051; x_wconf 89' lang='lat' dir='ltr'>rever-</span> 
     </span>
     <span class='ocr_line' id='line_1_12' title="bbox 368 1094 508 1122; baseline -0.007 0"><span class='ocrx_word' id='word_1_78' title='bbox 368 1094 508 1122; x_wconf 83' lang='lat' dir='ltr'>tamur.</span> 
     </span>
    </p>

    <p class='ocr_par' dir='ltr' id='par_1_5' title="bbox 368 1155 1927 1277">
     <span class='ocr_line' id='line_1_13' title="bbox 509 1155 1927 1206; baseline 0.001 -14"><span class='ocrx_word' id='word_1_79' title='bbox 509 1155 666 1193; x_wconf 88' lang='lat' dir='ltr'>Plenior</span> <span class='ocrx_word' id='word_1_80' title='bbox 700 1156 857 1193; x_wconf 73' lang='lat' dir='ltr'>Servius</span> <span class='ocrx_word' id='word_1_81' title='bbox 893 1158 925 1193; x_wconf 82' lang='lat' dir='ltr'><strong>A</strong></span> <span class='ocrx_word' id='word_1_82' title='bbox 950 1169 1084 1203; x_wconf 86' lang='lat'>2,141</span> <span class='ocrx_word' id='word_1_83' title='bbox 1122 1157 1222 1193; x_wconf 87' lang='lat' dir='ltr'>haec</span> <span class='ocrx_word' id='word_1_84' title='bbox 1264 1156 1440 1205; x_wconf 73' lang='lat' dir='ltr'>scripsit:</span> <span class='ocrx_word' id='word_1_85' title='bbox 1479 1156 1585 1205; x_wconf 85' lang='lat' dir='ltr'>,quia</span> <span class='ocrx_word' id='word_1_86' title='bbox 1632 1163 1670 1194; x_wconf 87' lang='lat' dir='ltr'>et</span> <span class='ocrx_word' id='word_1_87' title='bbox 1717 1156 1927 1206; x_wconf 84' lang='lat' dir='ltr'>pontifices</span> 
     </span>
     <span class='ocr_line' id='line_1_14' title="bbox 368 1227 1499 1277; baseline 0 -12"><span class='ocrx_word' id='word_1_88' title='bbox 368 1228 515 1271; x_wconf 86' lang='lat' dir='ltr'>dicunt,</span> <span class='ocrx_word' id='word_1_89' title='bbox 563 1227 727 1275; x_wconf 84' lang='lat' dir='ltr'>singulis</span> <span class='ocrx_word' id='word_1_90' title='bbox 762 1227 916 1264; x_wconf 82' lang='lat' dir='ltr'>actibus</span> <span class='ocrx_word' id='word_1_91' title='bbox 951 1227 1132 1276; x_wconf 91' lang='lat' dir='ltr'>proprios</span> <span class='ocrx_word' id='word_1_92' title='bbox 1157 1227 1255 1264; x_wconf 88' lang='lat' dir='ltr'>deos</span> <span class='ocrx_word' id='word_1_93' title='bbox 1289 1232 1499 1277; x_wconf 87' lang='lat' dir='ltr'>praeesse.‘</span> 
     </span>
    </p>

    <p class='ocr_par' dir='ltr' id='par_1_6' title="bbox 369 1299 1929 1708">
     <span class='ocr_line' id='line_1_15' title="bbox 512 1299 1926 1348; baseline 0.001 -12"><span class='ocrx_word' id='word_1_94' title='bbox 512 1299 640 1336; x_wconf 91' lang='lat' dir='ltr'>Nemo</span> <span class='ocrx_word' id='word_1_95' title='bbox 674 1299 844 1348; x_wconf 77' lang='lat' dir='ltr'>ignorat,</span> <span class='ocrx_word' id='word_1_96' title='bbox 879 1305 1091 1348; x_wconf 82' lang='lat' dir='ltr'>postquam</span> <span class='ocrx_word' id='word_1_97' title='bbox 1127 1299 1413 1336; x_wconf 78' lang='lat' dir='ltr'>Constantinus</span> <span class='ocrx_word' id='word_1_98' title='bbox 1448 1299 1686 1337; x_wconf 85' lang='lat' dir='ltr'>christianae</span> <span class='ocrx_word' id='word_1_99' title='bbox 1719 1299 1813 1338; x_wconf 81' lang='lat' dir='ltr'>fidei</span> <span class='ocrx_word' id='word_1_100' title='bbox 1861 1300 1926 1338; x_wconf 90' lang='lat' dir='ltr'>ad-</span> 
     </span>
     <span class='ocr_line' id='line_1_16' title="bbox 369 1370 1929 1419; baseline 0 -12"><span class='ocrx_word' id='word_1_101' title='bbox 369 1371 497 1407; x_wconf 89' lang='lat' dir='ltr'>dictus</span> <span class='ocrx_word' id='word_1_102' title='bbox 532 1370 616 1414; x_wconf 88' lang='lat' dir='ltr'>suit,</span> <span class='ocrx_word' id='word_1_103' title='bbox 654 1383 831 1419; x_wconf 79' lang='lat' dir='ltr'>paganos</span> <span class='ocrx_word' id='word_1_104' title='bbox 866 1370 965 1407; x_wconf 78' lang='lat' dir='ltr'>sicut</span> <span class='ocrx_word' id='word_1_105' title='bbox 1013 1371 1149 1419; x_wconf 86' lang='lat' dir='ltr'>paullo</span> <span class='ocrx_word' id='word_1_106' title='bbox 1199 1377 1314 1408; x_wconf 87' lang='lat' dir='ltr'>antea</span> <span class='ocrx_word' id='word_1_107' title='bbox 1364 1370 1600 1408; x_wconf 81' lang='lat' dir='ltr'>christianos</span> <span class='ocrx_word' id='word_1_108' title='bbox 1646 1372 1827 1410; x_wconf 89' lang='lat' dir='ltr'>homines</span> <span class='ocrx_word' id='word_1_109' title='bbox 1877 1372 1929 1410; x_wconf 88' lang='lat' dir='ltr'>ab</span> 
     </span>
     <span class='ocr_line' id='line_1_17' title="bbox 369 1438 1926 1491; baseline 0.002 -13"><span class='ocrx_word' id='word_1_110' title='bbox 369 1442 673 1491; x_wconf 83' lang='lat' dir='ltr'>imperatoribus</span> <span class='ocrx_word' id='word_1_111' title='bbox 719 1442 851 1479; x_wconf 73' lang='lat' dir='ltr'>vexari</span> <span class='ocrx_word' id='word_1_112' title='bbox 896 1449 1062 1491; x_wconf 88' lang='lat' dir='ltr'>coeptos</span> <span class='ocrx_word' id='word_1_113' title='bbox 1097 1454 1193 1480; x_wconf 87' lang='lat' dir='ltr'>esse.</span> <span class='ocrx_word' id='word_1_114' title='bbox 1214 1438 1266 1491; x_wconf 81' lang='lat'>⁷⁵)</span> <span class='ocrx_word' id='word_1_115' title='bbox 1329 1442 1461 1490; x_wconf 84' lang='lat' dir='ltr'>Quam</span> <span class='ocrx_word' id='word_1_116' title='bbox 1511 1443 1786 1481; x_wconf 80' lang='lat' dir='ltr'>crudelitatem</span> <span class='ocrx_word' id='word_1_117' title='bbox 1835 1456 1926 1481; x_wconf 89' lang='lat' dir='ltr'>cum</span> 
     </span>
     <span class='ocr_line' id='line_1_18' title="bbox 371 1511 1927 1565; baseline 0.001 -15"><span class='ocrx_word' id='word_1_118' title='bbox 371 1513 668 1557; x_wconf 82' lang='lat' dir='ltr'>Constantinus,</span> <span class='ocrx_word' id='word_1_119' title='bbox 703 1513 916 1558; x_wconf 87' lang='lat' dir='ltr'>Constans,</span> <span class='ocrx_word' id='word_1_120' title='bbox 937 1513 1255 1558; x_wconf 86' lang='lat' dir='ltr'>Valentinianus,</span> <span class='ocrx_word' id='word_1_121' title='bbox 1296 1520 1377 1551; x_wconf 90' lang='lat' dir='ltr'>tum</span> <span class='ocrx_word' id='word_1_122' title='bbox 1397 1514 1651 1552; x_wconf 88' lang='lat' dir='ltr'>Theodosius</span> <span class='ocrx_word' id='word_1_123' title='bbox 1670 1511 1719 1565; x_wconf 76' lang='grc'>76&gt;</span> <span class='ocrx_word' id='word_1_124' title='bbox 1743 1515 1927 1553; x_wconf 86' lang='lat' dir='ltr'>exercuit.</span> 
     </span>
     <span class='ocr_line' id='line_1_19' title="bbox 371 1585 1928 1636; baseline 0.002 -15"><span class='ocrx_word' id='word_1_125' title='bbox 371 1586 509 1633; x_wconf 84' lang='lat' dir='ltr'>Itaque</span> <span class='ocrx_word' id='word_1_126' title='bbox 543 1585 656 1622; x_wconf 87' lang='lat' dir='ltr'>valde</span> <span class='ocrx_word' id='word_1_127' title='bbox 683 1585 822 1622; x_wconf 90' lang='lat' dir='ltr'>dubito</span> <span class='ocrx_word' id='word_1_128' title='bbox 852 1598 945 1622; x_wconf 92' lang='lat' dir='ltr'>num</span> <span class='ocrx_word' id='word_1_129' title='bbox 970 1585 1001 1623; x_wconf 90' lang='lat' dir='ltr'>is</span> <span class='ocrx_word' id='word_1_130' title='bbox 1035 1585 1103 1634; x_wconf 90' lang='lat' dir='ltr'>qui</span> <span class='ocrx_word' id='word_1_131' title='bbox 1133 1598 1177 1623; x_wconf 93' lang='lat' dir='ltr'>ea</span> <span class='ocrx_word' id='word_1_132' title='bbox 1204 1598 1307 1634; x_wconf 85' lang='lat' dir='ltr'>quae</span> <span class='ocrx_word' id='word_1_133' title='bbox 1331 1599 1449 1635; x_wconf 84' lang='lat' dir='ltr'>supra</span> <span class='ocrx_word' id='word_1_134' title='bbox 1467 1586 1657 1636; x_wconf 84' lang='lat' dir='ltr'>exscripsi</span> <span class='ocrx_word' id='word_1_135' title='bbox 1691 1587 1928 1636; x_wconf 90' lang='lat' dir='ltr'>composuit,</span> 
     </span>
     <span class='ocr_line' id='line_1_20' title="bbox 371 1653 1056 1708; baseline 0.003 -16"><span class='ocrx_word' id='word_1_136' title='bbox 371 1656 409 1693; x_wconf 88' lang='lat' dir='ltr'>id</span> <span class='ocrx_word' id='word_1_137' title='bbox 444 1663 583 1706; x_wconf 85' lang='lat' dir='ltr'>postea</span> <span class='ocrx_word' id='word_1_138' title='bbox 618 1656 747 1694; x_wconf 87' lang='lat' dir='ltr'>facere</span> <span class='ocrx_word' id='word_1_139' title='bbox 782 1669 898 1694; x_wconf 81' lang='lat' dir='ltr'>ausus</span> <span class='ocrx_word' id='word_1_140' title='bbox 932 1657 992 1694; x_wconf 89' lang='lat' dir='ltr'>sit.</span> <span class='ocrx_word' id='word_1_141' title='bbox 1010 1653 1056 1708; x_wconf 81' lang='lat'>7⁷)</span> 
     </span>
    </p>

    <p class='ocr_par' dir='ltr' id='par_1_7' title="bbox 372 1724 1932 1922">
     <span class='ocr_line' id='line_1_21' title="bbox 517 1724 1932 1779; baseline 0.002 -15"><span class='ocrx_word' id='word_1_142' title='bbox 517 1727 674 1765; x_wconf 89' lang='lat' dir='ltr'>Deinde</span> <span class='ocrx_word' id='word_1_143' title='bbox 707 1735 862 1765; x_wconf 88' lang='lat' dir='ltr'>constat</span> <span class='ocrx_word' id='word_1_144' title='bbox 880 1724 929 1778; x_wconf 78' lang='grc'>78)</span> <span class='ocrx_word' id='word_1_145' title='bbox 976 1729 1081 1766; x_wconf 90' lang='lat' dir='ltr'>haud</span> <span class='ocrx_word' id='word_1_146' title='bbox 1115 1730 1238 1767; x_wconf 91' lang='lat' dir='ltr'>multo</span> <span class='ocrx_word' id='word_1_147' title='bbox 1273 1737 1362 1779; x_wconf 90' lang='lat' dir='ltr'>post</span> <span class='ocrx_word' id='word_1_148' title='bbox 1413 1743 1559 1768; x_wconf 88' lang='lat' dir='ltr'>annum</span> <span class='ocrx_word' id='word_1_149' title='bbox 1593 1729 1932 1779; x_wconf 85' lang='lat' dir='ltr'>quadringentesi-</span> 
     </span>
     <span class='ocr_line' id='line_1_22' title="bbox 375 1799 1932 1849; baseline 0.002 -13"><span class='ocrx_word' id='word_1_150' title='bbox 375 1812 479 1836; x_wconf 88' lang='lat' dir='ltr'>mum</span> <span class='ocrx_word' id='word_1_151' title='bbox 505 1799 626 1836; x_wconf 87' lang='lat' dir='ltr'>libros</span> <span class='ocrx_word' id='word_1_152' title='bbox 652 1800 868 1849; x_wconf 87' lang='lat' dir='ltr'>Sibyllinos</span> <span class='ocrx_word' id='word_1_153' title='bbox 903 1813 923 1837; x_wconf 83' lang='lat' dir='ltr'>a</span> <span class='ocrx_word' id='word_1_154' title='bbox 959 1801 1178 1839; x_wconf 87' lang='lat' dir='ltr'>Stilichone</span> <span class='ocrx_word' id='word_1_155' title='bbox 1213 1802 1370 1839; x_wconf 85' lang='lat' dir='ltr'>Romae</span> <span class='ocrx_word' id='word_1_156' title='bbox 1403 1809 1600 1840; x_wconf 86' lang='lat' dir='ltr'>crematos</span> <span class='ocrx_word' id='word_1_157' title='bbox 1637 1814 1735 1848; x_wconf 84' lang='lat' dir='ltr'>esse,</span> <span class='ocrx_word' id='word_1_158' title='bbox 1770 1809 1810 1839; x_wconf 91' lang='lat' dir='ltr'>ut</span> <span class='ocrx_word' id='word_1_159' title='bbox 1842 1803 1932 1839; x_wconf 87' lang='lat' dir='ltr'>Pru-</span> 
     </span>
     <span class='ocr_line' id='line_1_23' title="bbox 372 1868 1292 1922; baseline 0.004 -15"><span class='ocrx_word' id='word_1_160' title='bbox 372 1871 478 1908; x_wconf 81' lang='lat' dir='ltr'>dent.</span> <span class='ocrx_word' id='word_1_161' title='bbox 515 1871 639 1909; x_wconf 86' lang='lat' dir='ltr'>Clem.</span> <span class='ocrx_word' id='word_1_162' title='bbox 675 1872 822 1920; x_wconf 84' lang='lat' dir='ltr'>Apoth.</span> <span class='ocrx_word' id='word_1_163' title='bbox 859 1885 942 1921; x_wconf 82' lang='lat'>439</span> <span class='ocrx_word' id='word_1_164' title='bbox 977 1885 1064 1921; x_wconf 85' lang='lat' dir='ltr'>sqq.</span> <span class='ocrx_word' id='word_1_165' title='bbox 1085 1868 1135 1922; x_wconf 80' lang='lat'>⁷⁹)</span> <span class='ocrx_word' id='word_1_166' title='bbox 1168 1873 1292 1914; x_wconf 82' lang='lat' dir='ltr'>dicit:</span> 
     </span>
    </p>

    <p class='ocr_par' dir='ltr' id='par_1_8' title="bbox 517 1943 1689 1994">
     <span class='ocr_line' id='line_1_24' title="bbox 517 1943 1689 1994; baseline 0.003 -14"><span class='ocrx_word' id='word_1_167' title='bbox 517 1943 619 1986; x_wconf 90' lang='lat' dir='ltr'>,Non</span> <span class='ocrx_word' id='word_1_168' title='bbox 653 1943 828 1992; x_wconf 82' lang='lat' dir='ltr'>tripodas</span> <span class='ocrx_word' id='word_1_169' title='bbox 863 1944 1014 1981; x_wconf 84' lang='lat' dir='ltr'>cortina</span> <span class='ocrx_word' id='word_1_170' title='bbox 1047 1944 1157 1993; x_wconf 86' lang='lat' dir='ltr'>regit,</span> <span class='ocrx_word' id='word_1_171' title='bbox 1191 1957 1273 1982; x_wconf 89' lang='lat' dir='ltr'>non</span> <span class='ocrx_word' id='word_1_172' title='bbox 1322 1952 1478 1994; x_wconf 86' lang='lat' dir='ltr'>spumat</span> <span class='ocrx_word' id='word_1_173' title='bbox 1511 1946 1689 1983; x_wconf 81' lang='lat' dir='ltr'>anhelus.</span> 
     </span>
    </p>

    <p class='ocr_par' dir='ltr' id='par_1_9' title="bbox 516 2015 1469 2063">
     <span class='ocr_line' id='line_1_25' title="bbox 516 2015 1469 2063; baseline 0.004 -12"><span class='ocrx_word' id='word_1_174' title='bbox 516 2016 612 2052; x_wconf 83' lang='lat' dir='ltr'>Fata</span> <span class='ocrx_word' id='word_1_175' title='bbox 660 2015 863 2063; x_wconf 85' lang='lat' dir='ltr'>Sibyllinis</span> <span class='ocrx_word' id='word_1_176' title='bbox 905 2015 1100 2053; x_wconf 85' lang='lat' dir='ltr'>fanaticus</span> <span class='ocrx_word' id='word_1_177' title='bbox 1134 2017 1240 2054; x_wconf 89' lang='lat' dir='ltr'>edita</span> <span class='ocrx_word' id='word_1_178' title='bbox 1273 2017 1382 2054; x_wconf 91' lang='lat' dir='ltr'>libris</span> <span class='ocrx_word' id='word_1_179' title='bbox 1415 2039 1469 2045; x_wconf 87' lang='lat'>—</span> 
     </span>
    </p>

    <p class='ocr_par' dir='ltr' id='par_1_10' title="bbox 514 2087 1618 2136">
     <span class='ocr_line' id='line_1_26' title="bbox 514 2087 1618 2136; baseline 0.004 -14"><span class='ocrx_word' id='word_1_180' title='bbox 514 2087 673 2124; x_wconf 85' lang='lat' dir='ltr'>Mortua</span> <span class='ocrx_word' id='word_1_181' title='bbox 711 2087 788 2124; x_wconf 87' lang='lat' dir='ltr'>iam</span> <span class='ocrx_word' id='word_1_182' title='bbox 839 2094 971 2125; x_wconf 85' lang='lat' dir='ltr'>mutae</span> <span class='ocrx_word' id='word_1_183' title='bbox 1003 2088 1138 2136; x_wconf 83' lang='lat' dir='ltr'>lugent</span> <span class='ocrx_word' id='word_1_184' title='bbox 1171 2088 1332 2125; x_wconf 86' lang='lat' dir='ltr'>oracula</span> <span class='ocrx_word' id='word_1_185' title='bbox 1365 2089 1515 2126; x_wconf 82' lang='lat' dir='ltr'>Cumae</span> <span class='ocrx_word' id='word_1_186' title='bbox 1550 2092 1618 2115; x_wconf 85' lang='lat'>—‘</span> 
     </span>
    </p>
   </div>
   <div class='ocr_carea' id='block_1_3' title="bbox 375 2157 1934 2279">
    <p class='ocr_par' dir='ltr' id='par_1_11' title="bbox 375 2157 1934 2279">
     <span class='ocr_line' id='line_1_27' title="bbox 517 2157 1934 2210; baseline 0.002 -16"><span class='ocrx_word' id='word_1_187' title='bbox 517 2157 619 2195; x_wconf 89' lang='lat' dir='ltr'>Fieri</span> <span class='ocrx_word' id='word_1_188' title='bbox 689 2157 807 2206; x_wconf 84' lang='lat' dir='ltr'>igitur</span> <span class='ocrx_word' id='word_1_189' title='bbox 854 2171 936 2195; x_wconf 89' lang='lat' dir='ltr'>non</span> <span class='ocrx_word' id='word_1_190' title='bbox 986 2159 1112 2208; x_wconf 86' lang='lat' dir='ltr'>potuit</span> <span class='ocrx_word' id='word_1_191' title='bbox 1161 2160 1255 2208; x_wconf 84' lang='lat' dir='ltr'>quin</span> <span class='ocrx_word' id='word_1_192' title='bbox 1304 2160 1376 2198; x_wconf 90' lang='lat' dir='ltr'>etsi</span> <span class='ocrx_word' id='word_1_193' title='bbox 1425 2160 1669 2210; x_wconf 78' lang='lat' dir='ltr'>exemplaria</span> <span class='ocrx_word' id='word_1_194' title='bbox 1732 2160 1934 2204; x_wconf 83' lang='lat' dir='ltr'>extabant,</span> 
     </span>
     <span class='ocr_line' id='line_1_28' title="bbox 375 2228 1225 2279; baseline 0.005 -15"><span class='ocrx_word' id='word_1_195' title='bbox 375 2228 533 2277; x_wconf 84' lang='lat' dir='ltr'>publice</span> <span class='ocrx_word' id='word_1_196' title='bbox 575 2230 874 2267; x_wconf 88' lang='lat' dir='ltr'>consulerentur</span> <span class='ocrx_word' id='word_1_197' title='bbox 905 2230 994 2267; x_wconf 89' lang='lat' dir='ltr'>libri</span> <span class='ocrx_word' id='word_1_198' title='bbox 1029 2230 1225 2279; x_wconf 78' lang='lat' dir='ltr'>Sibyllini.</span> 
     </span>
    </p>
   </div>
   <div class='ocr_carea' id='block_1_4' title="bbox 517 2300 1938 2356">
    <p class='ocr_par' dir='ltr' id='par_1_12' title="bbox 517 2300 1938 2356">
     <span class='ocr_line' id='line_1_29' title="bbox 517 2300 1938 2356; baseline 0.003 -19"><span class='ocrx_word' id='word_1_199' title='bbox 517 2301 622 2349; x_wconf 83' lang='lat' dir='ltr'>Ergo</span> <span class='ocrx_word' id='word_1_200' title='bbox 638 2308 728 2338; x_wconf 89' lang='lat' dir='ltr'>ante</span> <span class='ocrx_word' id='word_1_201' title='bbox 744 2302 821 2339; x_wconf 90' lang='lat' dir='ltr'>hoc</span> <span class='ocrx_word' id='word_1_202' title='bbox 834 2309 988 2351; x_wconf 88' lang='lat' dir='ltr'>tempus</span> <span class='ocrx_word' id='word_1_203' title='bbox 1007 2302 1076 2339; x_wconf 89' lang='lat' dir='ltr'>fuit</span> <span class='ocrx_word' id='word_1_204' title='bbox 1093 2303 1248 2340; x_wconf 77' lang='lat' dir='ltr'>Servius</span> <span class='ocrx_word' id='word_1_205' title='bbox 1267 2303 1422 2353; x_wconf 82' lang='lat' dir='ltr'>plenior</span> <span class='ocrx_word' id='word_1_206' title='bbox 1440 2302 1603 2353; x_wconf 86' lang='lat' dir='ltr'>,quippe</span> <span class='ocrx_word' id='word_1_207' title='bbox 1621 2303 1687 2352; x_wconf 89' lang='lat' dir='ltr'>qui</span> <span class='ocrx_word' id='word_1_208' title='bbox 1703 2303 1754 2353; x_wconf 83' lang='lat' dir='ltr'>(A</span> <span class='ocrx_word' id='word_1_209' title='bbox 1774 2316 1812 2352; x_wconf 86' lang='lat'>3,</span> <span class='ocrx_word' id='word_1_210' title='bbox 1833 2316 1884 2352; x_wconf 88' lang='lat'>33</span> <span class='ocrx_word' id='word_1_211' title='bbox 1895 2300 1938 2356; x_wconf 88' lang='lat'>2)</span> 
     </span>
    </p>
   </div>
   <div class='ocr_carea' id='block_1_5' title="bbox 379 2569 1939 3032">
    <p class='ocr_par' dir='ltr' id='par_1_13' title="bbox 520 2569 1424 2618">
     <span class='ocr_line' id='line_1_30' title="bbox 520 2569 1424 2618; baseline 0.002 -15"><span class='ocrx_word' id='word_1_212' title='bbox 520 2569 560 2616; x_wconf 74' lang='lat'>⁷⁵)</span> <span class='ocrx_word' id='word_1_213' title='bbox 589 2571 630 2608; x_wconf 82' lang='lat' dir='ltr'>cs,</span> <span class='ocrx_word' id='word_1_214' title='bbox 666 2573 804 2616; x_wconf 61' lang='lat' dir='ltr'>Becker,</span> <span class='ocrx_word' id='word_1_215' title='bbox 833 2572 933 2604; x_wconf 79' lang='lat' dir='ltr'>Rom.</span> <span class='ocrx_word' id='word_1_216' title='bbox 962 2573 1166 2605; x_wconf 80' lang='lat' dir='ltr'>Altertiimer</span> <span class='ocrx_word' id='word_1_217' title='bbox 1190 2574 1323 2618; x_wconf 49' lang='lat' dir='ltr'>1V3137</span> <span class='ocrx_word' id='word_1_218' title='bbox 1351 2585 1424 2617; x_wconf 87' lang='lat' dir='ltr'>sqq.</span> 
     </span>
    </p>

    <p class='ocr_par' dir='ltr' id='par_1_14' title="bbox 379 2629 1939 2736">
     <span class='ocr_line' id='line_1_31' title="bbox 527 2629 1939 2676; baseline 0.001 -13"><span class='ocrx_word' id='word_1_219' title='bbox 527 2629 567 2675; x_wconf 55' lang='grc' dir='ltr'>π’)</span> <span class='ocrx_word' id='word_1_220' title='bbox 597 2633 663 2664; x_wconf 79' lang='lat' dir='ltr'>Th.</span> <span class='ocrx_word' id='word_1_221' title='bbox 692 2633 770 2670; x_wconf 89' lang='lat' dir='ltr'>Birt,</span> <span class='ocrx_word' id='word_1_222' title='bbox 802 2634 843 2664; x_wconf 83' lang='lat' dir='ltr'>de</span> <span class='ocrx_word' id='word_1_223' title='bbox 869 2634 1014 2664; x_wconf 84' lang='lat' dir='ltr'>moribus</span> <span class='ocrx_word' id='word_1_224' title='bbox 1049 2633 1236 2665; x_wconf 80' lang='lat' dir='ltr'>christianis</span> <span class='ocrx_word' id='word_1_225' title='bbox 1261 2640 1418 2676; x_wconf 85' lang='lat' dir='ltr'>quantum</span> <span class='ocrx_word' id='word_1_226' title='bbox 1447 2633 1641 2665; x_wconf 85' lang='lat' dir='ltr'>Stilichonis</span> <span class='ocrx_word' id='word_1_227' title='bbox 1668 2639 1776 2666; x_wconf 86' lang='lat' dir='ltr'>aetate</span> <span class='ocrx_word' id='word_1_228' title='bbox 1803 2633 1836 2665; x_wconf 89' lang='lat' dir='ltr'>in</span> <span class='ocrx_word' id='word_1_229' title='bbox 1864 2633 1939 2666; x_wconf 84' lang='lat' dir='ltr'>aula</span> 
     </span>
     <span class='ocr_line' id='line_1_32' title="bbox 379 2691 1780 2736; baseline 0.003 -15"><span class='ocrx_word' id='word_1_230' title='bbox 379 2691 588 2732; x_wconf 79' lang='lat' dir='ltr'>imperatoria</span> <span class='ocrx_word' id='word_1_231' title='bbox 615 2693 813 2724; x_wconf 81' lang='lat' dir='ltr'>occidentali</span> <span class='ocrx_word' id='word_1_232' title='bbox 843 2693 1003 2724; x_wconf 81' lang='lat' dir='ltr'>valuerint</span> <span class='ocrx_word' id='word_1_233' title='bbox 1030 2694 1210 2734; x_wconf 84' lang='lat' dir='ltr'>disputatio</span> <span class='ocrx_word' id='word_1_234' title='bbox 1254 2694 1419 2734; x_wconf 83' lang='lat' dir='ltr'>Marhurgi</span> <span class='ocrx_word' id='word_1_235' title='bbox 1453 2693 1553 2736; x_wconf 85' lang='lat'>1885,</span> <span class='ocrx_word' id='word_1_236' title='bbox 1581 2704 1658 2735; x_wconf 85' lang='lat' dir='ltr'>pag.</span> <span class='ocrx_word' id='word_1_237' title='bbox 1688 2694 1780 2725; x_wconf 90' lang='lat' dir='ltr'>VIII.</span> 
     </span>
    </p>

    <p class='ocr_par' dir='ltr' id='par_1_15' title="bbox 381 2748 1935 2973">
     <span class='ocr_line' id='line_1_33' title="bbox 521 2748 1935 2797; baseline 0.003 -16"><span class='ocrx_word' id='word_1_238' title='bbox 521 2748 565 2793; x_wconf 63' lang='lat'>³⁷)</span> <span class='ocrx_word' id='word_1_239' title='bbox 593 2752 714 2782; x_wconf 87' lang='lat' dir='ltr'>Multos</span> <span class='ocrx_word' id='word_1_240' title='bbox 754 2752 842 2782; x_wconf 85' lang='lat' dir='ltr'>idem</span> <span class='ocrx_word' id='word_1_241' title='bbox 870 2752 1062 2793; x_wconf 83' lang='lat' dir='ltr'>composuit</span> <span class='ocrx_word' id='word_1_242' title='bbox 1101 2753 1263 2783; x_wconf 74' lang='lat' dir='ltr'>eiusmodi</span> <span class='ocrx_word' id='word_1_243' title='bbox 1291 2753 1393 2790; x_wconf 87' lang='lat' dir='ltr'>locos,</span> <span class='ocrx_word' id='word_1_244' title='bbox 1424 2758 1458 2783; x_wconf 92' lang='lat' dir='ltr'>ut</span> <span class='ocrx_word' id='word_1_245' title='bbox 1484 2754 1618 2793; x_wconf 81' lang='lat' dir='ltr'>A1,17;</span> <span class='ocrx_word' id='word_1_246' title='bbox 1652 2761 1774 2797; x_wconf 78' lang='lat'><strong>2‚202;</strong></span> <span class='ocrx_word' id='word_1_247' title='bbox 1808 2760 1935 2795; x_wconf 83' lang='lat'>2,325;</span> 
     </span>
     <span class='ocr_line' id='line_1_34' title="bbox 381 2807 1935 2855; baseline 0.001 -6"><span class='ocrx_word' id='word_1_248' title='bbox 381 2807 495 2850; x_wconf 73' lang='lat'>3.85*;</span> <span class='ocrx_word' id='word_1_249' title='bbox 529 2819 629 2851; x_wconf 77' lang='lat'>3,90;</span> <span class='ocrx_word' id='word_1_250' title='bbox 675 2810 824 2850; x_wconf 37' lang='lat'>3279&amp;</span> <span class='ocrx_word' id='word_1_251' title='bbox 856 2809 980 2851; x_wconf 82' lang='lat'>4.58*;</span> <span class='ocrx_word' id='word_1_252' title='bbox 1012 2813 1139 2851; x_wconf 85' lang='lat'>4.262;</span> <span class='ocrx_word' id='word_1_253' title='bbox 1172 2813 1297 2851; x_wconf 83' lang='lat'>4.609;</span> <span class='ocrx_word' id='word_1_254' title='bbox 1333 2812 1436 2855; x_wconf 79' lang='grc'>5,84;</span> <span class='ocrx_word' id='word_1_255' title='bbox 1470 2811 1594 2852; x_wconf 78' lang='lat'>8.288;</span> <span class='ocrx_word' id='word_1_256' title='bbox 1628 2820 1775 2853; x_wconf 75' lang='lat' dir='ltr'>¹0‚s4¹;</span> <span class='ocrx_word' id='word_1_257' title='bbox 1813 2822 1935 2854; x_wconf 73' lang='lat'>1¹‚¹9;</span> 
     </span>
     <span class='ocr_line' id='line_1_35' title="bbox 386 2870 1933 2916; baseline 0.004 -17"><span class='ocrx_word' id='word_1_258' title='bbox 386 2870 502 2911; x_wconf 56' lang='grc' dir='ltr'>ιιχῑῠς</span> <span class='ocrx_word' id='word_1_259' title='bbox 553 2878 697 2910; x_wconf 81' lang='lat'>12,139;</span> <span class='ocrx_word' id='word_1_260' title='bbox 750 2879 892 2911; x_wconf 77' lang='lat'>12‚492;</span> <span class='ocrx_word' id='word_1_261' title='bbox 934 2871 972 2901; x_wconf 89' lang='lat' dir='ltr'>B.</span> <span class='ocrx_word' id='word_1_262' title='bbox 1013 2880 1119 2914; x_wconf 77' lang='lat'><strong>4‚49;</strong></span> <span class='ocrx_word' id='word_1_263' title='bbox 1170 2879 1271 2912; x_wconf 60' lang='lat' dir='ltr'>5,2o;</span> <span class='ocrx_word' id='word_1_264' title='bbox 1310 2878 1414 2914; x_wconf 78' lang='lat'>5‚75;</span> <span class='ocrx_word' id='word_1_265' title='bbox 1459 2879 1560 2914; x_wconf 77' lang='lat'>7,21;</span> <span class='ocrx_word' id='word_1_266' title='bbox 1605 2871 1711 2916; x_wconf 84' lang='lat'>8‚82;</span> <span class='ocrx_word' id='word_1_267' title='bbox 1756 2873 1933 2912; x_wconf 82' lang='lat' dir='ltr'>G.1‚14;</span> 
     </span>
     <span class='ocr_line' id='line_1_36' title="bbox 386 2929 1369 2973; baseline 0.003 -14"><span class='ocrx_word' id='word_1_268' title='bbox 386 2935 507 2968; x_wconf 81' lang='lat'>1,151;</span> <span class='ocrx_word' id='word_1_269' title='bbox 539 2938 643 2967; x_wconf 73' lang='lat'>4,24;</span> <span class='ocrx_word' id='word_1_270' title='bbox 675 2936 796 2971; x_wconf 78' lang='lat'>4,520.</span> <span class='ocrx_word' id='word_1_271' title='bbox 827 2929 867 2953; x_wconf 49' lang='lat'>¹³³.</span> <span class='ocrx_word' id='word_1_272' title='bbox 892 2944 902 2953; x_wconf 66' lang='lat'><em>2</em></span> <span class='ocrx_word' id='word_1_273' title='bbox 921 2930 964 2961; x_wconf 86' lang='lat' dir='ltr'>cs.</span> <span class='ocrx_word' id='word_1_274' title='bbox 993 2931 1157 2973; x_wconf 67' lang='lat' dir='ltr'>Thomas,</span> <span class='ocrx_word' id='word_1_275' title='bbox 1181 2942 1259 2972; x_wconf 85' lang='lat' dir='ltr'>pag.</span> <span class='ocrx_word' id='word_1_276' title='bbox 1294 2939 1369 2970; x_wconf 84' lang='lat'>124.</span> 
     </span>
    </p>

    <p class='ocr_par' dir='ltr' id='par_1_16' title="bbox 523 2985 989 3032">
     <span class='ocr_line' id='line_1_37' title="bbox 523 2985 989 3032; baseline 0.009 -15"><span class='ocrx_word' id='word_1_277' title='bbox 523 2985 564 3028; x_wconf 69' lang='lat'>⁷³)</span> <span class='ocrx_word' id='word_1_278' title='bbox 591 2988 631 3020; x_wconf 80' lang='lat' dir='ltr'>cf.</span> <span class='ocrx_word' id='word_1_279' title='bbox 661 2989 795 3032; x_wconf 71' lang='lat' dir='ltr'>Becker,</span> <span class='ocrx_word' id='word_1_280' title='bbox 825 2990 882 3027; x_wconf 88' lang='lat' dir='ltr'>IV,</span> <span class='ocrx_word' id='word_1_281' title='bbox 908 2998 989 3029; x_wconf 81' lang='lat'>300.</span> 
     </span>
    </p>
   </div>
   <div class='ocr_carea' id='block_1_6' title="bbox 525 3044 1425 3093">
    <p class='ocr_par' dir='ltr' id='par_1_17' title="bbox 525 3044 1425 3093">
     <span class='ocr_line' id='line_1_38' title="bbox 525 3044 1425 3093; baseline 0.004 -16"><span class='ocrx_word' id='word_1_282' title='bbox 525 3044 566 3089; x_wconf 54' lang='grc' dir='ltr'>ἵ9)</span> <span class='ocrx_word' id='word_1_283' title='bbox 592 3047 631 3080; x_wconf 79' lang='lat' dir='ltr'>ci.</span> <span class='ocrx_word' id='word_1_284' title='bbox 661 3048 713 3079; x_wconf 93' lang='lat' dir='ltr'>Cl.</span> <span class='ocrx_word' id='word_1_285' title='bbox 754 3048 866 3079; x_wconf 74' lang='lat' dir='ltr'>Rutilii</span> <span class='ocrx_word' id='word_1_286' title='bbox 894 3049 935 3079; x_wconf 82' lang='lat' dir='ltr'>de</span> <span class='ocrx_word' id='word_1_287' title='bbox 962 3049 1066 3081; x_wconf 83' lang='lat' dir='ltr'>reditu</span> <span class='ocrx_word' id='word_1_288' title='bbox 1095 3060 1153 3081; x_wconf 88' lang='lat' dir='ltr'>suo</span> <span class='ocrx_word' id='word_1_289' title='bbox 1179 3049 1287 3081; x_wconf 81' lang='lat' dir='ltr'>itiner.</span> <span class='ocrx_word' id='word_1_290' title='bbox 1317 3049 1425 3093; x_wconf 76' lang='lat' dir='ltr'><strong>I[‚52‚</strong></span> 
     </span>
    </p>
   </div>
   <div class='ocr_carea' id='block_1_7' title="bbox 2007 349 2018 1032">
    <p class='ocr_par' dir='ltr' id='par_1_18' title="bbox 2007 349 2018 1032">
     <span class='ocr_line' id='line_1_39' title="bbox 2007 349 2018 1032; textangle 90"><span class='ocrx_word' id='word_1_291' title='bbox 2011 933 2018 1032; x_wconf 35' lang='grc' dir='ltr'>μμ.</span> <span class='ocrx_word' id='word_1_292' title='bbox 2008 654 2017 926; x_wconf 47' lang='lat' dir='ltr'>m„—-—e....,⁴</span> <span class='ocrx_word' id='word_1_293' title='bbox 2009 493 2014 644; x_wconf 34' lang='grc' dir='ltr'>,ἓξ-μ</span> <span class='ocrx_word' id='word_1_294' title='bbox 2007 377 2013 481; x_wconf 31' lang='grc' dir='ltr'>-μρμψ</span> <span class='ocrx_word' id='word_1_295' title='bbox 2009 349 2011 369; x_wconf 66' lang='grc'>-</span> 
     </span>
    </p>
   </div>
   <div class='ocr_carea' id='block_1_8' title="bbox 2015 132 2023 1067">
    <p class='ocr_par' dir='ltr' id='par_1_19' title="bbox 2015 132 2023 1067">
     <span class='ocr_line' id='line_1_40' title="bbox 2015 132 2023 1067; baseline 0 0"><span class='ocrx_word' id='word_1_296' title='bbox 2015 132 2023 1067; x_wconf 95' lang='lat' dir='ltr'> </span> 
     </span>
    </p>
   </div>
   <div class='ocr_carea' id='block_1_9' title="bbox 2017 312 2023 1067">
    <p class='ocr_par' dir='ltr' id='par_1_20' title="bbox 2017 312 2023 1067">
     <span class='ocr_line' id='line_1_41' title="bbox 2017 312 2023 1067; baseline 0 0"><span class='ocrx_word' id='word_1_297' title='bbox 2017 312 2023 1067; x_wconf 95' lang='lat' dir='ltr'> </span> 
     </span>
    </p>
   </div>
  </div>
 </body>
</html>
