2023 3543
1117 771 1191 810 11.

495 862 575 916 De
613 860 841 915 ratione
880 873 1029 925 quae
1070 857 1228 911 inter
1266 855 1602 909 breviorem
1641 854 1819 921 atque

379 946 705 1015 pleniorem
755 943 1158 997 recensionem
1209 939 1479 995 Serviani
1524 937 1938 992 commentarii

931 1024 1242 1080 statuenda
1281 1023 1374 1078 sit.

521 1153 636 1200 Quae
669 1151 719 1189 de
751 1150 831 1187 vita
873 1148 1060 1198 plenioris
1106 1147 1227 1186 Servii
1272 1146 1353 1184 erui
1387 1145 1541 1195 possint
1582 1145 1758 1184 tractavi.
1823 1145 1940 1183 Nunc

377 1225 581 1262 videamus
615 1222 819 1272 quomodo
866 1221 1079 1258 cohaereat
1111 1219 1194 1257 eius
1228 1217 1536 1255 commentarius
1570 1230 1659 1255 curn
1693 1216 1940 1255 brevioribus

378 1296 548 1334 scholiis.
598 1296 677 1331 Aut
700 1293 804 1332 enim
838 1292 993 1342 plenior
1025 1291 1125 1329 liber
1157 1292 1246 1328 fons
1279 1289 1471 1327 brevioris
1496 1289 1566 1327 fuit
1590 1289 1651 1327 vel
1684 1289 1939 1338 integriorem

379 1368 576 1415 utriusque
610 1366 759 1403 fontem
793 1364 973 1407 servavit,
1021 1370 1087 1400 aut
1120 1362 1299 1400 breviore
1333 1360 1624 1398 commentario
1658 1359 1942 1399 additamentis

378 1438 621 1487 amplificato
665 1436 820 1486 plenior
861 1435 1000 1473 extitit.
1073 1434 1178 1472 Huic
1220 1433 1331 1471 alteri
1377 1432 1636 1481 explicationi
1679 1432 1942 1482 adstipulatus

380 1510 550 1559 priorem
584 1521 741 1558 prorsus
777 1507 1014 1557 improbavit
1038 1506 1170 1551 Thilo,
1196 1517 1370 1554 quocum
1405 1504 1525 1543 hodie
1558 1504 1786 1542 consentire
1808 1503 1943 1542 viden-

380 1588 439 1618 tur
470 1580 540 1617 viri
574 1579 695 1618 docti.

521 1651 703 1689 Thilonis
736 1650 852 1699 igitur
884 1657 1128 1699 argumenta,
1162 1661 1316 1687 summo
1349 1648 1532 1686 acumine
1566 1655 1603 1686 et
1636 1647 1828 1686 industria
1851 1660 1944 1686 con-

381 1724 526 1773 quisita
564 1723 732 1772 primum
765 1721 1048 1760 examinemus.
1104 1720 1324 1758 Audiamus
1358 1733 1461 1769 quae
1494 1720 1591 1758 dicit
1623 1720 1743 1758 Thilo
1775 1732 1867 1769 pag.
1891 1720 1943 1760 V:

524 1796 668 1842 ,Atque
706 1794 982 1842 supplementa
1015 1793 1177 1841 quidem
1211 1793 1458 1841 vulgatorum
1482 1791 1724 1829 scholiorum
1758 1805 1944 1841 magnam

382 1874 530 1916 partem
565 1864 780 1903 admodum
815 1864 951 1902 brevia
983 1871 1072 1901 sunt
1105 1872 1223 1913 atque
1256 1871 1334 1901 tam
1369 1863 1462 1901 vilia
1496 1871 1536 1901 ut
1575 1863 1691 1901 facile
1724 1863 1780 1901 eis
1813 1876 1943 1901 carea-

382 1951 480 1984 mus,
528 1938 632 1975 velut
664 1936 759 1973 illud
796 1937 826 1973 Α
859 1949 891 1981 1,
931 1946 973 1973 2:
1012 1949 1116 1979 ,nam
1151 1948 1244 1974 ecce
1276 1936 1354 1973 hoc
1387 1936 1478 1973 loco
1511 1934 1681 1973 detraxit
1713 1934 1944 1984 provinciae

381 2009 717 2058 praepositionem
771 2007 909 2045 dicens
957 2008 1123 2052 ,Italiam
1179 2007 1299 2045 venit‘
1345 2013 1420 2056 pro
1477 2008 1533 2044 ad
1582 2007 1740 2044 ltaliam
1799 2008 1944 2048 vcm't‘:

383 2081 513 2118 Probo
555 2092 684 2128 neque
725 2079 929 2125 dissentio,
965 2079 995 2116 si
1041 2079 1190 2128 pergit-z
1226 2080 1353 2124 ,Haec
1387 2086 1423 2116 et
1458 2079 1516 2116 his
1556 2078 1701 2116 similia
1734 2086 1861 2116 utrum
1893 2078 1944 2116 ab

384 2152 471 2200 ipso
504 2151 693 2188 brevioris
735 2150 1007 2188 commentarii
1055 2151 1246 2199 scriptore
1290 2151 1467 2199 prosecta
1501 2157 1538 2188 et
1572 2151 1633 2189 vel
1678 2150 1944 2188 breviatorum

385 2222 550 2260 libidine
592 2223 746 2259 sublata
780 2223 837 2259 vel
881 2222 1129 2259 librariorum
1178 2222 1431 2271 neglegentia
1479 2222 1628 2260 omissa
1667 2235 1717 2259 an
1759 2221 1945 2260 inferiore

385 2301 512 2331 aetate
559 2301 599 2330 ut
631 2293 784 2330 facilius
817 2293 914 2342 quid
944 2293 1129 2331 voluisset
1163 2293 1227 2332 ille
1261 2293 1554 2343 intellegeretur
1586 2293 1725 2332 addita
1757 2293 1847 2340 sint,
1883 2293 1945 2332 vix

387 2372 515 2414 potest
547 2364 783 2402 diiudicari.‘

528 2436 648 2473 Addo
689 2436 797 2484 quod
840 2435 935 2474 ibid.
986 2436 1059 2475 ait:
1112 2437 1255 2481 ‚Etiam
1299 2438 1480 2486 exempla
1513 2450 1615 2486 quae
1658 2438 1805 2487 vulgati
1839 2451 1945 2476 com-

387 2506 567 2544 mentarii
601 2507 822 2556 praeceptis
868 2508 905 2544 in
955 2508 1200 2557 plenioribus
1248 2509 1357 2546 libris
1407 2509 1592 2558 adposita
1636 2522 1722 2547 esse
1765 2509 1945 2548 videmus

388 2578 502 2615 facile
537 2585 575 2615 ut
607 2578 732 2615 omitti
766 2578 818 2615 ita
851 2579 946 2617 addi
978 2587 1171 2628 poterant,
1208 2587 1247 2617 ut
1270 2583 1303 2617 A
1334 2594 1366 2625 1,
1393 2593 1437 2628 3:
1473 2581 1620 2625 ,Altum
1655 2587 1787 2619 tamen
1821 2581 1943 2619 scien-

390 2649 482 2686 dum
534 2656 591 2686 est
639 2649 748 2697 quod
787 2656 823 2687 ct
863 2650 1118 2699 superiorem,
1171 2656 1213 2687 ul
1241 2652 1357 2688 lllal‘a
1395 2653 1558 2699 genitum
1589 2652 1746 2689 dcmz'llz't
1781 2666 1828 2690 ex
1858 2653 1944 2691 alto‘

390 2726 427 2756 et
459 2719 683 2757 interiorem
718 2720 963 2759 altitudinem
997 2721 1221 2771 significat‘,
1247 2730 1366 2771 atque
1389 2723 1538 2772 pergit:
1576 2723 1666 2767 ,Sed
1694 2722 1947 2762 inveniuntur

391 2802 485 2826 sane
518 2790 658 2838 quibus
692 2791 848 2839 vulgata
881 2793 1034 2831 scholia
1075 2800 1154 2831 tam
1196 2802 1286 2843 apte
1319 2795 1551 2843 expleantur
1584 2807 1766 2843 quaeque
1811 2803 1944 2834 tantae

392 2860 620 2899 eruditionis
653 2862 740 2907 sint,
777 2871 816 2900 ut
848 2876 928 2900 non
974 2864 1126 2913 possint
1159 2865 1210 2903 ad
1252 2865 1520 2913 interpolandi
1560 2865 1733 2903 studium
1768 2867 1945 2905 revocari

392 2931 495 2967 velut
530 2933 560 2967 A
602 2945 632 2975 1,
671 2935 749 2981 566
784 2943 947 2983 apparet
980 2948 1026 2972 ex
1068 2935 1114 2973 iis
1157 2949 1259 2984 quae
1302 2937 1340 2973 in
1389 2936 1634 2985 plenioribus
1668 2937 1778 2976 libris
1812 2945 1944 2976 extent

393 3001 550 3051 vulgata
582 3002 757 3041 derivata
790 3010 903 3043 esse!
968 3007 1160 3045 Conferas
1194 3007 1329 3059 igitur:
