2023 3543
736 204 1029 243 ..27„.

240 328 276 365 A
303 341 338 373 2,
374 329 447 374 46:
486 326 543 371 ,In
576 324 698 377 ligno}
746 327 874 364 merito
920 326 1034 375 qnasi
1062 325 1255 362 dissuasor
1283 324 1488 373 mffcclaw‘t
1515 324 1656 373 tapino-

98 401 156 438 sin
187 401 305 437 dicens
336 400 448 447 lzjgno,
492 394 643 436 *bene'
666 397 804 447 ,ligno‘
839 397 952 446 quasi
985 393 1266 441 dissuasorie*,
1307 409 1386 433 non
1429 396 1657 437 simulacro.

99 472 297 521 infirmare
327 472 425 508 em'm
461 470 542 508 vult
557 470 692 519 fictam
724 482 850 506 earum
882 470 1094 516 relzgz'onem
1127 475 1167 506 ut
1200 468 1321 517 paulo
1365 474 1453 516 post
1502 467 1659 511 ,ducen-

100 543 196 581 dum
228 543 281 581 ad
313 542 428 580 sedes
461 541 741 579 simulacrum‘.
807 541 910 578 Nam
944 540 983 578 in
1017 539 1201 578 suasione
1225 539 1286 577 vel
1309 538 1558 577 dissuasione
1581 544 1659 574 tam

101 626 240 652 sensus
272 626 391 662 quam
424 613 546 651 verba
578 612 906 650 considerantur¹.

129 749 132 751 -
245 698 337 735 Ι)υο
377 696 501 735 Servii
549 708 637 733 cum
684 696 839 734 diversa
883 694 1178 745 explicaverint,
1226 693 1345 731 Thilo
1389 705 1468 730 non
1515 692 1662 729 debere

101 782 238 808 eorum
271 768 422 806 scholia
455 767 646 805 confundi
683 767 846 805 censuit.
912 767 1011 805 Inde
1043 767 1149 804 enim
1182 765 1344 808 orditur,
1379 776 1469 801 cum
1503 764 1553 801 <le
1586 763 1662 799 hoc

102 847 330 880 commento
363 840 542 883 disserat,
581 839 689 888 quod
723 838 880 876 brevior
911 837 1218 876 commentarius
1241 848 1320 885 quo
1353 848 1490 872 vocem
1527 834 1662 883 ,ligno‘

103 927 127 952 a
170 919 290 962 poeta
333 919 423 961 apte
467 911 663 948 delectam
710 922 796 948 esse
842 910 1084 955 ostenditur,
1131 907 1320 958 plenioris
1366 906 1487 945 Servii
1535 905 1663 943 verbis

104 991 300 1023 auctus
345 983 405 1028 sit,
454 982 597 1031 quibus
642 995 664 1019 a
709 982 864 1019 funesta
897 980 1174 1030 superstitione
1208 980 1400 1016 Laocoon
1434 990 1525 1015 suos
1559 989 1662 1014 aver-

104 1064 190 1094 tens
228 1054 438 1093 inducitur.
503 1052 685 1101 Neglexit
718 1052 846 1101 igitur,
894 1052 1111 1101 pleniorem
1146 1051 1323 1088 Servium
1358 1050 1388 1087 si
1417 1063 1463 1087 ea
1497 1056 1662 1090 tantum,

104 1140 208 1177 quae
239 1126 274 1165 ei
308 1124 525 1175 peculiaria
557 1130 658 1168 sunt,
704 1124 857 1173 legeris,
902 1135 1086 1161 mancum
1135 1135 1233 1167 esse,
1283 1134 1371 1159 cum
1418 1128 1523 1158 certe
1568 1120 1664 1157 illud

107 1212 198 1244 ,non
233 1198 458 1236 simulacro‘
493 1196 776 1234 desideremus.

248 1270 397 1307 Contra
417 1268 571 1318 plenior
590 1267 746 1305 Servius
770 1267 1021 1315 integriorem
1046 1266 1160 1303 huius
1193 1265 1271 1302 loci
1295 1262 1661 1313 interpretationem

106 1354 281 1379 servasse
300 1340 454 1378 videtur
475 1352 593 1388 quam
607 1338 774 1376 brevior.
810 1339 879 1376 Ille
894 1338 1000 1375 enim
1024 1345 1178 1387 praeter
1202 1335 1359 1385 idquod
1374 1333 1666 1383 uterquetradit

105 1425 265 1450 causam
300 1411 413 1449 huius
446 1410 728 1460 explicationis
762 1410 891 1448 verbis
928 1409 1138 1451 ,infirmare
1161 1408 1266 1445 enim
1293 1438 1299 1445 .
1327 1437 1334 1444 .
1362 1412 1383 1443 .‘
1426 1418 1662 1443 commemo-

107 1484 216 1522 ravit.
287 1484 430 1532 Neque
469 1482 587 1520 video
621 1493 688 1518 cur
724 1481 887 1518 Thiloni
921 1480 1018 1518 illud
1054 1479 1292 1524 ,ducendum
1328 1479 1377 1516 ad
1404 1478 1519 1515 sedes
1552 1477 1666 1513 simu—

106 1557 270 1593 lacrum‘
308 1555 359 1593 ad
395 1554 609 1600 ‚infirmare
632 1553 737 1590 enim
759 1582 765 1590 .
789 1583 795 1590 .
815 1583 821 1590 .
844 1555 851 1570 ‘
886 1551 1110 1601 appositum
1135 1563 1220 1588 esse
1252 1550 1443 1593 videatur,
1478 1548 1665 1597 quoniam

107 1627 195 1665 luce
227 1626 369 1664 clarius
393 1633 463 1670 est,
500 1625 779 1670 ,simulacrum‘
815 1623 866 1662 ad
900 1636 1019 1660 unum
1044 1623 1139 1660 illud
1166 1621 1301 1671 ,ligno,
1335 1634 1415 1657 non
1439 1620 1663 1657 simulacro‘

108 1698 316 1747 respicere.
383 1698 592 1734 Praeterea
625 1695 982 1733 animadvertamus
1014 1693 1203 1731 brevioris
1238 1692 1360 1730 Servii
1396 1692 1512 1729 verba
1545 1688 1567 1711 ‘⁵‘
1587 1722 1593 1728 .
1617 1721 1623 1727 .
1643 1686 1665 1709 ·‘·

109 1781 213 1817 quae
245 1769 285 1806 in
310 1768 489 1818 pleniore
507 1767 609 1805 libro
642 1780 722 1804 non
747 1767 941 1816 leguntur,
977 1765 1093 1803 facile
1117 1778 1163 1802 ex
1187 1763 1269 1802 eius
1292 1763 1421 1801 verbis
1457 1763 1633 1807 ,merito.
1657 1792 1663 1799 .

108 1841 231 1891 ligno‘
266 1841 476 1889 desumpta
509 1852 595 1877 esse
627 1851 758 1888 posse.

184 1908 187 1910 ³
251 1914 286 1949 A
314 1925 348 1958 2,
385 1921 492 1961 344:
560 1912 623 1955 ‚Et
667 1908 799 1960 gener]
851 1915 995 1957 ,gener‘
1045 1908 1188 1946 dicitur
1232 1906 1367 1955 etqui
1401 1913 1470 1949 est,
1520 1913 1556 1943 et
1600 1905 1665 1954 qui

109 1997 196 2022 esse
227 1983 321 2031 vult,
354 1990 394 2020 ut
418 1983 480 2020 hic
514 1981 662 2020 indicat
686 1982 809 2027 locus,
844 1981 904 2018 vel
930 1986 1019 2017 certe
1048 1980 1243 2017 secundum
1274 1984 1371 2027 spem
1403 1978 1523 2022 illlns‚·
1554 1990 1668 2025 neque

109 2057 206 2093 em'm
237 2056 314 2092 iam
345 2059 431 2092 crat
442 2067 581 2102 genem·
612 2067 701 2090 nam
733 2053 811 2090 idco
831 2053 1028 2089 subiunxit
1044 2058 1210 2100 sponsae.
1274 2050 1336 2087 Sic
1364 2045 1666 2086 1lia'mrsssicut*

111 2127 230 2165 etiarn
276 2126 452 2171 maritus,
498 2125 604 2163 unde
649 2132 707 2162 est
753 2137 865 2174 ‚quos
911 2136 986 2173 ego
1031 2123 1104 2160 sim
1151 2122 1293 2159 totiens
1339 2121 1417 2158 iam
1451 2119 1666 2167 dedignata

110 2198 300 2236 maritos-⁸.

253 2270 383 2319 Negat
415 2268 534 2306 Thilo
582 2267 802 2306 secundum
848 2279 996 2304 morem
1036 2265 1198 2316 genuini
1231 2263 1352 2302 Servii
1395 2272 1473 2300 tam
1520 2262 1667 2299 similes

111 2341 212 2379 inter
244 2353 286 2378 se
318 2340 663 2389 interpretationes
688 2338 900 2388 coniungi:
948 2351 1027 2386 qua
1060 2337 1110 2374 de
1143 2349 1182 2374 re
1215 2348 1333 2373 nemo
1366 2347 1554 2383 umquam
1589 2346 1668 2370 cer·

112 2420 192 2451 tum
230 2411 419 2450 iudicium
460 2411 643 2460 proferet.
709 2410 812 2447 Nam
858 2422 947 2446 cum
993 2409 1109 2446 facile
1158 2407 1403 2457 plenioribus
1448 2418 1666 2447 careamus,

113 2484 254 2522 eodem
290 2483 372 2521 iure
405 2496 452 2520 ea
485 2482 623 2520 addita
656 2494 741 2519 esse
765 2481 815 2518 ab
838 2481 924 2518 hoc.
939 2487 1056 2528 atque
1080 2479 1227 2516 omissa
1248 2479 1298 2516 ab
1322 2478 1390 2516 illo
1412 2477 1491 2515 dici
1524 2484 1666 2526 potest.

256 2556 317 2593 De
349 2567 398 2592 eo
431 2566 590 2604 quoque
623 2553 777 2591 dubitat
809 2552 866 2589 vir
898 2552 1038 2590 doctus
1072 2563 1166 2588 num
1214 2551 1286 2594 ,vel
1325 2554 1441 2587 certe‘
1487 2549 1584 2586 illud
1618 2548 1668 2585 ab

113 2626 200 2676 ipso
232 2626 494 2676 grammatico
518 2626 736 2674 profectum
778 2624 825 2660 sit
848 2630 965 2671 atque
988 2635 1079 2672 pag.
1104 2623 1241 2659 XVIII
1279 2627 1414 2658 monet
1447 2619 1667 2657 breviorem

115 2697 292 2736 Servium
326 2705 363 2735 et
395 2696 521 2746 ipsum
559 2697 632 2740 ‚vel
665 2697 782 2734 certe‘
817 2695 877 2732 vel
913 2702 990 2739 ‚aut
1022 2698 1138 2731 certe‘
1174 2692 1365 2742 posuisse.
1432 2692 1524 2739 Qua
1556 2704 1667 2728 ocea-

115 2769 227 2807 sione
271 2769 407 2807 oblata
452 2767 726 2818 ,paucissimis‘
774 2765 956 2803 Thilonis
1002 2765 1099 2802 locis
1144 2763 1367 2802 addiderim
1414 2763 1514 2800 duos
1559 2763 1669 2799 locos

116 2840 260 2890 quibus
293 2847 373 2886 ,aut
405 2843 523 2878 certe‘
557 2838 711 2888 scripsit
743 2836 899 2875 brevior
931 2835 1085 2874 Servius
1131 2848 1260 2884 neque
1309 2839 1425 2879 »,aut‘
1473 2834 1532 2871 vel
1581 2834 1667 2877 ,vel‘

116 2911 341 2963 praecedit«
380 2910 446 2960 (cf.
481 2923 570 2960 pag.
605 2910 784 2958 XVIII):
820 2909 854 2945 A
881 2909 918 2952 6,
953 2908 1035 2953 468
1070 2914 1188 2955 atque
1221 2909 1253 2943 A
1286 2919 1348 2950 10,
1386 2919 1480 2953 711.

259 2983 295 3021 A
318 2995 356 3031 3,
392 2984 464 3031 85:
498 2983 629 3031 Aegre
661 2982 733 3018 fert
761 2979 880 3017 Thilo
914 2978 1023 3027 quod
1056 2978 1244 3028 plenioris
1268 2977 1391 3015 Servii
1424 2976 1553 3014 verbis
1587 2976 1670 3014 bre-
