<?xml version="1.0" encoding="UTF-8"?>
<!DOCTYPE html PUBLIC "-//W3C//DTD XHTML 1.0 Transitional//EN"
    "http://www.w3.org/TR/xhtml1/DTD/xhtml1-transitional.dtd">
<html xmlns="http://www.w3.org/1999/xhtml" xml:lang="en" lang="en">
 <head>
  <title>
</title>
<meta http-equiv="Content-Type" content="text/html;charset=utf-8" />
  <meta name='ocr-system' content='tesseract 3.04.00' />
  <meta name='ocr-capabilities' content='ocr_page ocr_carea ocr_par ocr_line ocrx_word'/>
</head>
<body>
  <div class='ocr_page' id='page_1' title='image "./quaestionesservi00moeluoft_0027.png"; bbox 0 0 2023 3543; ppageno 0'>
   <div class='ocr_carea' id='block_1_1' title="bbox 677 231 970 266">
    <p class='ocr_par' dir='ltr' id='par_1_1' title="bbox 677 231 970 266">
     <span class='ocr_line' id='line_1_1' title="bbox 677 231 970 266; baseline 0 -22"><span class='ocrx_word' id='word_1_1' title='bbox 677 231 970 266; x_wconf 67' lang='lat'>-19-</span> 
     </span>
    </p>
   </div>
   <div class='ocr_carea' id='block_1_2' title="bbox 34 347 1600 2678">
    <p class='ocr_par' dir='ltr' id='par_1_2' title="bbox 41 347 1596 466">
     <span class='ocr_line' id='line_1_2' title="bbox 182 347 1596 398; baseline 0.001 -14"><span class='ocrx_word' id='word_1_2' title='bbox 182 347 483 396; x_wconf 82' lang='lat' dir='ltr'>Neoplatonicis</span> <span class='ocrx_word' id='word_1_3' title='bbox 519 354 649 386; x_wconf 85' lang='lat' dir='ltr'>autem</span> <span class='ocrx_word' id='word_1_4' title='bbox 684 347 841 385; x_wconf 89' lang='lat' dir='ltr'>Plotino</span> <span class='ocrx_word' id='word_1_5' title='bbox 875 355 994 397; x_wconf 85' lang='lat' dir='ltr'>atque</span> <span class='ocrx_word' id='word_1_6' title='bbox 1028 349 1246 398; x_wconf 84' lang='lat' dir='ltr'>Porphyrio</span> <span class='ocrx_word' id='word_1_7' title='bbox 1295 360 1342 386; x_wconf 85' lang='lat' dir='ltr'>ea</span> <span class='ocrx_word' id='word_1_8' title='bbox 1389 348 1468 386; x_wconf 88' lang='lat' dir='ltr'>iam</span> <span class='ocrx_word' id='word_1_9' title='bbox 1517 360 1596 386; x_wconf 90' lang='lat' dir='ltr'>non</span> 
     </span>
     <span class='ocr_line' id='line_1_3' title="bbox 41 418 242 466; baseline 0 -11"><span class='ocrx_word' id='word_1_10' title='bbox 41 418 242 466; x_wconf 86' lang='lat' dir='ltr'>probatur.</span> 
     </span>
    </p>

    <p class='ocr_par' dir='ltr' id='par_1_3' title="bbox 39 489 1598 682">
     <span class='ocr_line' id='line_1_4' title="bbox 182 489 1598 540; baseline 0.001 -14"><span class='ocrx_word' id='word_1_11' title='bbox 182 489 322 538; x_wconf 86' lang='lat' dir='ltr'>Neque</span> <span class='ocrx_word' id='word_1_12' title='bbox 345 490 538 539; x_wconf 85' lang='lat' dir='ltr'>Epicurus</span> <span class='ocrx_word' id='word_1_13' title='bbox 556 490 740 539; x_wconf 86' lang='lat' dir='ltr'>obiurgat</span> <span class='ocrx_word' id='word_1_14' title='bbox 760 489 888 527; x_wconf 90' lang='lat' dir='ltr'>minus</span> <span class='ocrx_word' id='word_1_15' title='bbox 918 502 987 527; x_wconf 90' lang='lat' dir='ltr'>eos</span> <span class='ocrx_word' id='word_1_16' title='bbox 1005 490 1072 539; x_wconf 90' lang='lat' dir='ltr'>qui</span> <span class='ocrx_word' id='word_1_17' title='bbox 1106 498 1271 528; x_wconf 87' lang='lat' dir='ltr'>mortem</span> <span class='ocrx_word' id='word_1_18' title='bbox 1308 490 1598 540; x_wconf 88' lang='lat' dir='ltr'>concupiscunt</span> 
     </span>
     <span class='ocr_line' id='line_1_5' title="bbox 41 560 1596 611; baseline 0.001 -14"><span class='ocrx_word' id='word_1_19' title='bbox 41 573 161 609; x_wconf 89' lang='lat' dir='ltr'>quam</span> <span class='ocrx_word' id='word_1_20' title='bbox 194 560 262 609; x_wconf 89' lang='lat' dir='ltr'>qui</span> <span class='ocrx_word' id='word_1_21' title='bbox 294 560 452 598; x_wconf 85' lang='lat' dir='ltr'>timent:</span> <span class='ocrx_word' id='word_1_22' title='bbox 490 561 773 610; x_wconf 85' lang='lat' dir='ltr'>Epicureorum</span> <span class='ocrx_word' id='word_1_23' title='bbox 806 568 938 599; x_wconf 84' lang='lat' dir='ltr'>autem</span> <span class='ocrx_word' id='word_1_24' title='bbox 972 561 1086 599; x_wconf 88' lang='lat' dir='ltr'>horto</span> <span class='ocrx_word' id='word_1_25' title='bbox 1121 575 1142 599; x_wconf 89' lang='lat' dir='ltr'>a</span> <span class='ocrx_word' id='word_1_26' title='bbox 1175 562 1352 611; x_wconf 87' lang='lat' dir='ltr'>pluribus</span> <span class='ocrx_word' id='word_1_27' title='bbox 1397 573 1596 599; x_wconf 86' lang='lat' dir='ltr'>commen-</span> 
     </span>
     <span class='ocr_line' id='line_1_6' title="bbox 39 628 885 682; baseline 0.001 -14"><span class='ocrx_word' id='word_1_28' title='bbox 39 631 230 669; x_wconf 84' lang='lat' dir='ltr'>tatoribus</span> <span class='ocrx_word' id='word_1_29' title='bbox 262 631 460 681; x_wconf 84' lang='lat' dir='ltr'>Vergilius</span> <span class='ocrx_word' id='word_1_30' title='bbox 494 631 701 669; x_wconf 87' lang='lat' dir='ltr'>attributus</span> <span class='ocrx_word' id='word_1_31' title='bbox 735 628 885 682; x_wconf 81' lang='lat' dir='ltr'>est.¹⁰3)</span> 
     </span>
    </p>

    <p class='ocr_par' dir='ltr' id='par_1_4' title="bbox 38 702 1598 812">
     <span class='ocr_line' id='line_1_7' title="bbox 180 702 1598 753; baseline 0.001 -13"><span class='ocrx_word' id='word_1_32' title='bbox 180 703 320 751; x_wconf 86' lang='lat' dir='ltr'>Itaque</span> <span class='ocrx_word' id='word_1_33' title='bbox 353 702 545 741; x_wconf 87' lang='lat' dir='ltr'>evincitur</span> <span class='ocrx_word' id='word_1_34' title='bbox 576 715 644 740; x_wconf 88' lang='lat' dir='ltr'>eos</span> <span class='ocrx_word' id='word_1_35' title='bbox 678 703 745 752; x_wconf 89' lang='lat' dir='ltr'>qui</span> <span class='ocrx_word' id='word_1_36' title='bbox 778 711 929 742; x_wconf 88' lang='lat' dir='ltr'>veteres</span> <span class='ocrx_word' id='word_1_37' title='bbox 952 704 1050 742; x_wconf 88' lang='lat' dir='ltr'>deos</span> <span class='ocrx_word' id='word_1_38' title='bbox 1083 704 1260 753; x_wconf 83' lang='lat' dir='ltr'>deasque</span> <span class='ocrx_word' id='word_1_39' title='bbox 1294 704 1512 749; x_wconf 83' lang='lat' dir='ltr'>coluerunt,</span> <span class='ocrx_word' id='word_1_40' title='bbox 1547 704 1598 741; x_wconf 86' lang='lat' dir='ltr'>de</span> 
     </span>
     <span class='ocr_line' id='line_1_8' title="bbox 38 773 845 812; baseline 0.001 -2"><span class='ocrx_word' id='word_1_41' title='bbox 38 780 164 811; x_wconf 91' lang='lat' dir='ltr'>rnorte</span> <span class='ocrx_word' id='word_1_42' title='bbox 195 774 418 811; x_wconf 85' lang='lat' dir='ltr'>voluntaria</span> <span class='ocrx_word' id='word_1_43' title='bbox 449 774 603 812; x_wconf 82' lang='lat' dir='ltr'>diverse</span> <span class='ocrx_word' id='word_1_44' title='bbox 636 773 845 812; x_wconf 89' lang='lat' dir='ltr'>iudicasse.</span> 
     </span>
    </p>

    <p class='ocr_par' dir='ltr' id='par_1_5' title="bbox 36 845 1597 1179">
     <span class='ocr_line' id='line_1_9' title="bbox 181 845 1597 895; baseline 0 -12"><span class='ocrx_word' id='word_1_45' title='bbox 181 845 261 883; x_wconf 85' lang='lat' dir='ltr'>Sed</span> <span class='ocrx_word' id='word_1_46' title='bbox 293 845 415 895; x_wconf 89' lang='lat' dir='ltr'>ipsius</span> <span class='ocrx_word' id='word_1_47' title='bbox 447 845 614 894; x_wconf 86' lang='lat' dir='ltr'>Vergilii</span> <span class='ocrx_word' id='word_1_48' title='bbox 647 852 767 894; x_wconf 89' lang='lat' dir='ltr'>atque</span> <span class='ocrx_word' id='word_1_49' title='bbox 799 845 989 883; x_wconf 85' lang='lat' dir='ltr'>brevioris</span> <span class='ocrx_word' id='word_1_50' title='bbox 1013 845 1134 884; x_wconf 82' lang='lat' dir='ltr'>Servii</span> <span class='ocrx_word' id='word_1_51' title='bbox 1168 846 1290 884; x_wconf 88' lang='lat' dir='ltr'>libros</span> <span class='ocrx_word' id='word_1_52' title='bbox 1338 846 1597 895; x_wconf 81' lang='lat' dir='ltr'>inspiciamus</span> 
     </span>
     <span class='ocr_line' id='line_1_10' title="bbox 37 916 1596 967; baseline 0.001 -14"><span class='ocrx_word' id='word_1_53' title='bbox 37 928 131 953; x_wconf 88' lang='lat' dir='ltr'>num</span> <span class='ocrx_word' id='word_1_54' title='bbox 165 916 260 965; x_wconf 88' lang='lat' dir='ltr'>quid</span> <span class='ocrx_word' id='word_1_55' title='bbox 293 916 344 954; x_wconf 91' lang='lat' dir='ltr'>de</span> <span class='ocrx_word' id='word_1_56' title='bbox 377 916 519 954; x_wconf 86' lang='lat' dir='ltr'>eadem</span> <span class='ocrx_word' id='word_1_57' title='bbox 538 928 579 954; x_wconf 89' lang='lat' dir='ltr'>re</span> <span class='ocrx_word' id='word_1_58' title='bbox 602 916 844 965; x_wconf 80' lang='lat' dir='ltr'>reperiatur:</span> <span class='ocrx_word' id='word_1_59' title='bbox 868 917 1065 965; x_wconf 86' lang='lat' dir='ltr'>Vergilius</span> <span class='ocrx_word' id='word_1_60' title='bbox 1101 917 1148 959; x_wconf 82' lang='lat' dir='ltr'>(A</span> <span class='ocrx_word' id='word_1_61' title='bbox 1169 917 1313 967; x_wconf 90' lang='lat'>4,642)</span> <span class='ocrx_word' id='word_1_62' title='bbox 1346 918 1397 955; x_wconf 92' lang='lat' dir='ltr'>de</span> <span class='ocrx_word' id='word_1_63' title='bbox 1432 917 1596 966; x_wconf 89' lang='lat' dir='ltr'>,coeptis</span> 
     </span>
     <span class='ocr_line' id='line_1_11' title="bbox 38 987 1595 1036; baseline 0 -11"><span class='ocrx_word' id='word_1_64' title='bbox 38 987 292 1026; x_wconf 85' lang='lat' dir='ltr'>immanibus‘</span> <span class='ocrx_word' id='word_1_65' title='bbox 326 987 435 1033; x_wconf 87' lang='lat' dir='ltr'>dicit,</span> <span class='ocrx_word' id='word_1_66' title='bbox 477 987 543 1024; x_wconf 91' lang='lat' dir='ltr'>ubi</span> <span class='ocrx_word' id='word_1_67' title='bbox 576 999 715 1024; x_wconf 87' lang='lat' dir='ltr'>manus</span> <span class='ocrx_word' id='word_1_68' title='bbox 749 987 856 1025; x_wconf 86' lang='lat' dir='ltr'>Dido</span> <span class='ocrx_word' id='word_1_69' title='bbox 889 987 963 1025; x_wconf 90' lang='lat' dir='ltr'>sibi</span> <span class='ocrx_word' id='word_1_70' title='bbox 999 988 1165 1026; x_wconf 87' lang='lat' dir='ltr'>allatura</span> <span class='ocrx_word' id='word_1_71' title='bbox 1198 996 1268 1026; x_wconf 88' lang='lat' dir='ltr'>est.</span> <span class='ocrx_word' id='word_1_72' title='bbox 1335 988 1458 1036; x_wconf 88' lang='lat' dir='ltr'>Quod</span> <span class='ocrx_word' id='word_1_73' title='bbox 1491 988 1595 1026; x_wconf 89' lang='lat' dir='ltr'>idern</span> 
     </span>
     <span class='ocr_line' id='line_1_12' title="bbox 37 1058 1597 1110; baseline 0 -14"><span class='ocrx_word' id='word_1_74' title='bbox 37 1058 104 1109; x_wconf 91' lang='lat' dir='ltr'>(ib.</span> <span class='ocrx_word' id='word_1_75' title='bbox 127 1059 224 1110; x_wconf 86' lang='lat'><strong>694)</strong></span> <span class='ocrx_word' id='word_1_76' title='bbox 259 1059 477 1105; x_wconf 85' lang='lat' dir='ltr'>,difficilem</span> <span class='ocrx_word' id='word_1_77' title='bbox 527 1058 692 1095; x_wconf 86' lang='lat' dir='ltr'>obitum‘</span> <span class='ocrx_word' id='word_1_78' title='bbox 742 1058 922 1096; x_wconf 88' lang='lat' dir='ltr'>nominat</span> <span class='ocrx_word' id='word_1_79' title='bbox 970 1066 1089 1108; x_wconf 89' lang='lat' dir='ltr'>atque</span> <span class='ocrx_word' id='word_1_80' title='bbox 1137 1059 1184 1109; x_wconf 78' lang='lat' dir='ltr'>(A</span> <span class='ocrx_word' id='word_1_81' title='bbox 1212 1060 1378 1109; x_wconf 85' lang='lat'>12,603)</span> <span class='ocrx_word' id='word_1_82' title='bbox 1414 1059 1597 1106; x_wconf 84' lang='lat' dir='ltr'>‚informe</span> 
     </span>
     <span class='ocr_line' id='line_1_13' title="bbox 36 1130 997 1179; baseline -0.001 -11"><span class='ocrx_word' id='word_1_83' title='bbox 36 1131 186 1168; x_wconf 87' lang='lat' dir='ltr'>letum‘.</span> <span class='ocrx_word' id='word_1_84' title='bbox 220 1131 256 1167; x_wconf 88' lang='lat' dir='ltr'>A</span> <span class='ocrx_word' id='word_1_85' title='bbox 278 1143 316 1176; x_wconf 91' lang='lat'>4,</span> <span class='ocrx_word' id='word_1_86' title='bbox 339 1131 420 1179; x_wconf 89' lang='lat'>696</span> <span class='ocrx_word' id='word_1_87' title='bbox 455 1142 543 1178; x_wconf 85' lang='lat' dir='ltr'>sqq.</span> <span class='ocrx_word' id='word_1_88' title='bbox 580 1136 708 1167; x_wconf 88' lang='lat' dir='ltr'>autem</span> <span class='ocrx_word' id='word_1_89' title='bbox 744 1130 844 1168; x_wconf 83' lang='lat' dir='ltr'>haec</span> <span class='ocrx_word' id='word_1_90' title='bbox 877 1130 997 1168; x_wconf 87' lang='lat' dir='ltr'>dicit:</span> 
     </span>
    </p>

    <p class='ocr_par' dir='ltr' id='par_1_6' title="bbox 178 1200 1301 1250">
     <span class='ocr_line' id='line_1_14' title="bbox 178 1200 1301 1250; baseline 0.001 -12"><span class='ocrx_word' id='word_1_91' title='bbox 178 1201 308 1247; x_wconf 88' lang='lat' dir='ltr'>,Nam‚</span> <span class='ocrx_word' id='word_1_92' title='bbox 344 1200 438 1249; x_wconf 88' lang='lat' dir='ltr'>quia</span> <span class='ocrx_word' id='word_1_93' title='bbox 470 1212 544 1238; x_wconf 87' lang='lat' dir='ltr'>nec</span> <span class='ocrx_word' id='word_1_94' title='bbox 577 1201 672 1245; x_wconf 85' lang='lat' dir='ltr'>fato,</span> <span class='ocrx_word' id='word_1_95' title='bbox 707 1200 846 1238; x_wconf 86' lang='lat' dir='ltr'>merita</span> <span class='ocrx_word' id='word_1_96' title='bbox 868 1213 942 1239; x_wconf 92' lang='lat' dir='ltr'>nec</span> <span class='ocrx_word' id='word_1_97' title='bbox 975 1208 1100 1239; x_wconf 89' lang='lat' dir='ltr'>morte</span> <span class='ocrx_word' id='word_1_98' title='bbox 1132 1201 1301 1250; x_wconf 84' lang='lat' dir='ltr'>peribat,</span> 
     </span>
    </p>

    <p class='ocr_par' dir='ltr' id='par_1_7' title="bbox 181 1272 1350 1321">
     <span class='ocr_line' id='line_1_15' title="bbox 181 1272 1350 1321; baseline 0 -11"><span class='ocrx_word' id='word_1_99' title='bbox 181 1272 261 1311; x_wconf 89' lang='lat' dir='ltr'>Sed</span> <span class='ocrx_word' id='word_1_100' title='bbox 294 1272 436 1310; x_wconf 85' lang='lat' dir='ltr'>misera</span> <span class='ocrx_word' id='word_1_101' title='bbox 469 1279 560 1310; x_wconf 86' lang='lat' dir='ltr'>ante</span> <span class='ocrx_word' id='word_1_102' title='bbox 602 1272 722 1317; x_wconf 91' lang='lat' dir='ltr'>diem,</span> <span class='ocrx_word' id='word_1_103' title='bbox 756 1272 968 1321; x_wconf 89' lang='lat' dir='ltr'>subitoque</span> <span class='ocrx_word' id='word_1_104' title='bbox 1000 1272 1175 1310; x_wconf 83' lang='lat' dir='ltr'>adcensa</span> <span class='ocrx_word' id='word_1_105' title='bbox 1207 1273 1350 1320; x_wconf 85' lang='lat' dir='ltr'>surore,</span> 
     </span>
    </p>

    <p class='ocr_par' dir='ltr' id='par_1_8' title="bbox 176 1342 1308 1393">
     <span class='ocr_line' id='line_1_16' title="bbox 176 1342 1308 1393; baseline 0 -12"><span class='ocrx_word' id='word_1_106' title='bbox 176 1344 268 1381; x_wconf 88' lang='lat' dir='ltr'>Non</span> <span class='ocrx_word' id='word_1_107' title='bbox 301 1343 395 1381; x_wconf 86' lang='lat' dir='ltr'>dum</span> <span class='ocrx_word' id='word_1_108' title='bbox 428 1343 483 1380; x_wconf 94' lang='lat' dir='ltr'>illi</span> <span class='ocrx_word' id='word_1_109' title='bbox 516 1342 662 1381; x_wconf 86' lang='lat' dir='ltr'>flavum</span> <span class='ocrx_word' id='word_1_110' title='bbox 696 1344 934 1393; x_wconf 82' lang='lat' dir='ltr'>Proserpina</span> <span class='ocrx_word' id='word_1_111' title='bbox 983 1343 1129 1382; x_wconf 82' lang='lat' dir='ltr'>vertice</span> <span class='ocrx_word' id='word_1_112' title='bbox 1160 1343 1308 1381; x_wconf 89' lang='lat' dir='ltr'>crinem</span> 
     </span>
    </p>

    <p class='ocr_par' dir='ltr' id='par_1_9' title="bbox 177 1415 1325 1465">
     <span class='ocr_line' id='line_1_17' title="bbox 177 1415 1325 1465; baseline 0 -13"><span class='ocrx_word' id='word_1_113' title='bbox 177 1415 418 1459; x_wconf 82' lang='lat' dir='ltr'>Abstulerat,</span> <span class='ocrx_word' id='word_1_114' title='bbox 468 1415 685 1465; x_wconf 86' lang='lat' dir='ltr'>Stygioque</span> <span class='ocrx_word' id='word_1_115' title='bbox 717 1422 838 1464; x_wconf 87' lang='lat' dir='ltr'>caput</span> <span class='ocrx_word' id='word_1_116' title='bbox 887 1415 1158 1453; x_wconf 84' lang='lat' dir='ltr'>dammaverat</span> <span class='ocrx_word' id='word_1_117' title='bbox 1191 1415 1325 1453; x_wconf 85' lang='lat' dir='ltr'>Orco‘.</span> 
     </span>
    </p>

    <p class='ocr_par' dir='ltr' id='par_1_10' title="bbox 34 1486 1596 1679">
     <span class='ocr_line' id='line_1_18' title="bbox 178 1486 1588 1535; baseline 0 -11"><span class='ocrx_word' id='word_1_118' title='bbox 178 1487 370 1524; x_wconf 79' lang='lat' dir='ltr'>Conieras</span> <span class='ocrx_word' id='word_1_119' title='bbox 423 1486 541 1524; x_wconf 88' lang='lat' dir='ltr'>etiam</span> <span class='ocrx_word' id='word_1_120' title='bbox 588 1494 799 1535; x_wconf 84' lang='lat' dir='ltr'>sequentes</span> <span class='ocrx_word' id='word_1_121' title='bbox 845 1499 991 1524; x_wconf 89' lang='lat' dir='ltr'>versus.</span> <span class='ocrx_word' id='word_1_122' title='bbox 1066 1487 1205 1535; x_wconf 78' lang='lat' dir='ltr'>Neque</span> <span class='ocrx_word' id='word_1_123' title='bbox 1254 1487 1451 1534; x_wconf 81' lang='lat' dir='ltr'>A6,434</span> <span class='ocrx_word' id='word_1_124' title='bbox 1500 1500 1588 1535; x_wconf 84' lang='lat' dir='ltr'>sqq.</span> 
     </span>
     <span class='ocr_line' id='line_1_19' title="bbox 35 1554 1596 1608; baseline -0.001 -12"><span class='ocrx_word' id='word_1_125' title='bbox 35 1571 196 1596; x_wconf 88' lang='lat' dir='ltr'>causam</span> <span class='ocrx_word' id='word_1_126' title='bbox 221 1558 357 1595; x_wconf 89' lang='lat' dir='ltr'>mortis</span> <span class='ocrx_word' id='word_1_127' title='bbox 383 1557 628 1595; x_wconf 90' lang='lat' dir='ltr'>voluntariae</span> <span class='ocrx_word' id='word_1_128' title='bbox 651 1565 770 1607; x_wconf 85' lang='lat' dir='ltr'>poeta</span> <span class='ocrx_word' id='word_1_129' title='bbox 788 1558 879 1606; x_wconf 87' lang='lat' dir='ltr'>agit.</span> <span class='ocrx_word' id='word_1_130' title='bbox 902 1554 968 1608; x_wconf 76' lang='lat'><strong>¹⁰⁴¹)</strong></span> <span class='ocrx_word' id='word_1_131' title='bbox 1002 1558 1170 1595; x_wconf 85' lang='lat' dir='ltr'>Miseros</span> <span class='ocrx_word' id='word_1_132' title='bbox 1194 1557 1309 1606; x_wconf 84' lang='lat' dir='ltr'>igitur</span> <span class='ocrx_word' id='word_1_133' title='bbox 1330 1566 1447 1606; x_wconf 85' lang='lat' dir='ltr'>atque</span> <span class='ocrx_word' id='word_1_134' title='bbox 1468 1558 1596 1595; x_wconf 80' lang='lat' dir='ltr'>tristes</span> 
     </span>
     <span class='ocr_line' id='line_1_20' title="bbox 34 1629 1535 1679; baseline -0.001 -12"><span class='ocrx_word' id='word_1_135' title='bbox 34 1642 103 1667; x_wconf 82' lang='lat' dir='ltr'>eos</span> <span class='ocrx_word' id='word_1_136' title='bbox 136 1629 203 1679; x_wconf 88' lang='lat' dir='ltr'>qui</span> <span class='ocrx_word' id='word_1_137' title='bbox 236 1629 305 1667; x_wconf 88' lang='lat' dir='ltr'>tali</span> <span class='ocrx_word' id='word_1_138' title='bbox 324 1638 450 1667; x_wconf 88' lang='lat' dir='ltr'>morte</span> <span class='ocrx_word' id='word_1_139' title='bbox 483 1641 503 1667; x_wconf 92' lang='lat' dir='ltr'>e</span> <span class='ocrx_word' id='word_1_140' title='bbox 537 1629 614 1666; x_wconf 85' lang='lat' dir='ltr'>vita</span> <span class='ocrx_word' id='word_1_141' title='bbox 647 1636 909 1674; x_wconf 80' lang='lat' dir='ltr'>excesserunt,</span> <span class='ocrx_word' id='word_1_142' title='bbox 944 1629 1142 1678; x_wconf 83' lang='lat' dir='ltr'>Vergilius</span> <span class='ocrx_word' id='word_1_143' title='bbox 1175 1629 1391 1678; x_wconf 87' lang='lat' dir='ltr'>depingere</span> <span class='ocrx_word' id='word_1_144' title='bbox 1423 1629 1535 1666; x_wconf 87' lang='lat' dir='ltr'>solet.</span> 
     </span>
    </p>

    <p class='ocr_par' dir='ltr' id='par_1_11' title="bbox 35 1699 1599 2249">
     <span class='ocr_line' id='line_1_21' title="bbox 188 1699 1597 1750; baseline -0.001 -12"><span class='ocrx_word' id='word_1_145' title='bbox 188 1701 346 1739; x_wconf 89' lang='lat' dir='ltr'>Deinde</span> <span class='ocrx_word' id='word_1_146' title='bbox 393 1699 584 1738; x_wconf 89' lang='lat' dir='ltr'>brevioris</span> <span class='ocrx_word' id='word_1_147' title='bbox 632 1700 756 1738; x_wconf 89' lang='lat' dir='ltr'>Servii</span> <span class='ocrx_word' id='word_1_148' title='bbox 804 1700 900 1738; x_wconf 87' lang='lat' dir='ltr'>illud</span> <span class='ocrx_word' id='word_1_149' title='bbox 949 1700 1076 1749; x_wconf 87' lang='lat' dir='ltr'>‚quasi</span> <span class='ocrx_word' id='word_1_150' title='bbox 1110 1700 1224 1749; x_wconf 87' lang='lat' dir='ltr'>turpi‘</span> <span class='ocrx_word' id='word_1_151' title='bbox 1274 1712 1362 1737; x_wconf 86' lang='lat' dir='ltr'>cum</span> <span class='ocrx_word' id='word_1_152' title='bbox 1410 1700 1597 1750; x_wconf 87' lang='lat' dir='ltr'>plenioris</span> 
     </span>
     <span class='ocr_line' id='line_1_22' title="bbox 39 1758 1594 1822; baseline -0.001 -12"><span class='ocrx_word' id='word_1_153' title='bbox 39 1771 232 1822; x_wconf 88' lang='lat' dir='ltr'>,impium‘</span> <span class='ocrx_word' id='word_1_154' title='bbox 266 1772 501 1810; x_wconf 87' lang='lat' dir='ltr'>conferatis:</span> <span class='ocrx_word' id='word_1_155' title='bbox 537 1758 691 1821; x_wconf 86' lang='lat' dir='ltr'>scripsit</span> <span class='ocrx_word' id='word_1_156' title='bbox 724 1771 829 1810; x_wconf 87' lang='lat' dir='ltr'>enirn</span> <span class='ocrx_word' id='word_1_157' title='bbox 862 1771 1020 1809; x_wconf 90' lang='lat' dir='ltr'>brevior</span> <span class='ocrx_word' id='word_1_158' title='bbox 1051 1771 1117 1809; x_wconf 89' lang='lat' dir='ltr'>ille</span> <span class='ocrx_word' id='word_1_159' title='bbox 1150 1771 1304 1809; x_wconf 83' lang='lat' dir='ltr'>Servius</span> <span class='ocrx_word' id='word_1_160' title='bbox 1338 1771 1384 1817; x_wconf 76' lang='lat' dir='ltr'>(A</span> <span class='ocrx_word' id='word_1_161' title='bbox 1407 1785 1445 1818; x_wconf 86' lang='lat'>4,</span> <span class='ocrx_word' id='word_1_162' title='bbox 1472 1773 1594 1822; x_wconf 82' lang='lat'>698):</span> 
     </span>
     <span class='ocr_line' id='line_1_23' title="bbox 39 1841 1594 1894; baseline -0.001 -13"><span class='ocrx_word' id='word_1_163' title='bbox 39 1844 218 1889; x_wconf 80' lang='lat' dir='ltr'>,Flavum</span> <span class='ocrx_word' id='word_1_164' title='bbox 253 1841 415 1894; x_wconf 83' lang='lat' dir='ltr'>crinem]</span> <span class='ocrx_word' id='word_1_165' title='bbox 443 1843 633 1880; x_wconf 85' lang='lat' dir='ltr'>matronis</span> <span class='ocrx_word' id='word_1_166' title='bbox 655 1855 872 1892; x_wconf 86' lang='lat' dir='ltr'>numquam</span> <span class='ocrx_word' id='word_1_167' title='bbox 896 1843 999 1880; x_wconf 84' lang='lat' dir='ltr'>flava</span> <span class='ocrx_word' id='word_1_168' title='bbox 1017 1855 1131 1880; x_wconf 91' lang='lat' dir='ltr'>coma</span> <span class='ocrx_word' id='word_1_169' title='bbox 1154 1843 1335 1888; x_wconf 86' lang='lat' dir='ltr'>dabatur,</span> <span class='ocrx_word' id='word_1_170' title='bbox 1360 1843 1430 1880; x_wconf 88' lang='lat' dir='ltr'>sed</span> <span class='ocrx_word' id='word_1_171' title='bbox 1463 1843 1594 1892; x_wconf 84' lang='lat' dir='ltr'>nigra:</span> 
     </span>
     <span class='ocr_line' id='line_1_24' title="bbox 36 1914 1593 1963; baseline -0.001 -11"><span class='ocrx_word' id='word_1_172' title='bbox 36 1915 142 1953; x_wconf 89' lang='lat' dir='ltr'>unde</span> <span class='ocrx_word' id='word_1_173' title='bbox 202 1914 398 1952; x_wconf 86' lang='lat' dir='ltr'>Iuvenalis</span> <span class='ocrx_word' id='word_1_174' title='bbox 444 1922 495 1959; x_wconf 89' lang='lat' dir='ltr'>,et</span> <span class='ocrx_word' id='word_1_175' title='bbox 544 1914 657 1963; x_wconf 83' lang='lat' dir='ltr'>nigro</span> <span class='ocrx_word' id='word_1_176' title='bbox 710 1914 854 1951; x_wconf 84' lang='lat' dir='ltr'>flavum</span> <span class='ocrx_word' id='word_1_177' title='bbox 907 1914 1055 1952; x_wconf 88' lang='lat' dir='ltr'>crinem</span> <span class='ocrx_word' id='word_1_178' title='bbox 1110 1914 1383 1952; x_wconf 85' lang='lat' dir='ltr'>abscondente</span> <span class='ocrx_word' id='word_1_179' title='bbox 1431 1915 1593 1963; x_wconf 85' lang='lat' dir='ltr'>galero·.</span> 
     </span>
     <span class='ocr_line' id='line_1_25' title="bbox 38 1985 1599 2035; baseline -0.001 -11"><span class='ocrx_word' id='word_1_180' title='bbox 38 1986 144 2024; x_wconf 92' lang='lat' dir='ltr'>Huic</span> <span class='ocrx_word' id='word_1_181' title='bbox 193 1998 286 2034; x_wconf 90' lang='lat' dir='ltr'>ergo</span> <span class='ocrx_word' id='word_1_182' title='bbox 332 1985 400 2023; x_wconf 88' lang='lat' dir='ltr'>dat</span> <span class='ocrx_word' id='word_1_183' title='bbox 450 1985 563 2034; x_wconf 87' lang='lat' dir='ltr'>quasi</span> <span class='ocrx_word' id='word_1_184' title='bbox 627 1985 758 2035; x_wconf 88' lang='lat' dir='ltr'>turpi‘.</span> <span class='ocrx_word' id='word_1_185' title='bbox 834 1987 1039 2023; x_wconf 86' lang='lat' dir='ltr'>Postremo</span> <span class='ocrx_word' id='word_1_186' title='bbox 1087 1985 1276 2023; x_wconf 81' lang='lat' dir='ltr'>brevioris</span> <span class='ocrx_word' id='word_1_187' title='bbox 1324 1985 1599 2023; x_wconf 86' lang='lat' dir='ltr'>commentarii</span> 
     </span>
     <span class='ocr_line' id='line_1_26' title="bbox 35 2053 1598 2107; baseline -0.001 -12"><span class='ocrx_word' id='word_1_188' title='bbox 35 2065 186 2107; x_wconf 87' lang='lat' dir='ltr'>partem</span> <span class='ocrx_word' id='word_1_189' title='bbox 218 2056 405 2095; x_wconf 89' lang='lat' dir='ltr'>adscribo</span> <span class='ocrx_word' id='word_1_190' title='bbox 439 2069 541 2105; x_wconf 87' lang='lat' dir='ltr'>quae</span> <span class='ocrx_word' id='word_1_191' title='bbox 565 2064 640 2095; x_wconf 86' lang='lat' dir='ltr'>est:</span> <span class='ocrx_word' id='word_1_192' title='bbox 678 2058 794 2101; x_wconf 89' lang='lat' dir='ltr'>,Sane</span> <span class='ocrx_word' id='word_1_193' title='bbox 829 2057 1034 2094; x_wconf 85' lang='lat' dir='ltr'>sciendum</span> <span class='ocrx_word' id='word_1_194' title='bbox 1056 2053 1124 2107; x_wconf 82' lang='lat'><strong>¹⁰5)</strong></span> <span class='ocrx_word' id='word_1_195' title='bbox 1157 2056 1251 2106; x_wconf 88' lang='lat' dir='ltr'>quia</span> <span class='ocrx_word' id='word_1_196' title='bbox 1283 2064 1440 2094; x_wconf 90' lang='lat' dir='ltr'>cautum</span> <span class='ocrx_word' id='word_1_197' title='bbox 1474 2057 1598 2095; x_wconf 91' lang='lat' dir='ltr'>fuerat</span> 
     </span>
     <span class='ocr_line' id='line_1_27' title="bbox 35 2128 1596 2178; baseline 0 -12"><span class='ocrx_word' id='word_1_198' title='bbox 35 2129 74 2166; x_wconf 92' lang='lat' dir='ltr'>in</span> <span class='ocrx_word' id='word_1_199' title='bbox 110 2128 406 2178; x_wconf 82' lang='lat' dir='ltr'>pontificalibus</span> <span class='ocrx_word' id='word_1_200' title='bbox 428 2128 550 2173; x_wconf 91' lang='lat' dir='ltr'>libris,</span> <span class='ocrx_word' id='word_1_201' title='bbox 576 2136 616 2165; x_wconf 91' lang='lat' dir='ltr'>ut</span> <span class='ocrx_word' id='word_1_202' title='bbox 649 2128 715 2177; x_wconf 89' lang='lat' dir='ltr'>qui</span> <span class='ocrx_word' id='word_1_203' title='bbox 737 2129 883 2176; x_wconf 88' lang='lat' dir='ltr'>laqueo</span> <span class='ocrx_word' id='word_1_204' title='bbox 916 2128 1036 2166; x_wconf 85' lang='lat' dir='ltr'>vitam</span> <span class='ocrx_word' id='word_1_205' title='bbox 1068 2128 1229 2171; x_wconf 80' lang='lat' dir='ltr'>finisset,</span> <span class='ocrx_word' id='word_1_206' title='bbox 1265 2128 1482 2178; x_wconf 88' lang='lat' dir='ltr'>insepultus</span> <span class='ocrx_word' id='word_1_207' title='bbox 1515 2128 1596 2166; x_wconf 89' lang='lat' dir='ltr'>abi-</span> 
     </span>
     <span class='ocr_line' id='line_1_28' title="bbox 35 2199 1594 2249; baseline 0.001 -12"><span class='ocrx_word' id='word_1_208' title='bbox 35 2207 210 2238; x_wconf 85' lang='lat' dir='ltr'>ceretur:</span> <span class='ocrx_word' id='word_1_209' title='bbox 260 2200 366 2237; x_wconf 90' lang='lat' dir='ltr'>unde</span> <span class='ocrx_word' id='word_1_210' title='bbox 408 2200 512 2237; x_wconf 89' lang='lat' dir='ltr'>bene</span> <span class='ocrx_word' id='word_1_211' title='bbox 535 2200 588 2237; x_wconf 88' lang='lat' dir='ltr'>ait</span> <span class='ocrx_word' id='word_1_212' title='bbox 623 2199 814 2245; x_wconf 85' lang='lat' dir='ltr'>‚informis</span> <span class='ocrx_word' id='word_1_213' title='bbox 850 2199 928 2237; x_wconf 88' lang='lat' dir='ltr'>leti‘</span> <span class='ocrx_word' id='word_1_214' title='bbox 964 2199 1076 2249; x_wconf 86' lang='lat' dir='ltr'>quasi</span> <span class='ocrx_word' id='word_1_215' title='bbox 1099 2200 1235 2237; x_wconf 88' lang='lat' dir='ltr'>mortis</span> <span class='ocrx_word' id='word_1_216' title='bbox 1258 2199 1594 2239; x_wconf 78' lang='lat' dir='ltr'>infamissimae..</span> 
     </span>
    </p>

    <p class='ocr_par' dir='ltr' id='par_1_12' title="bbox 34 2271 1600 2381">
     <span class='ocr_line' id='line_1_29' title="bbox 67 2271 1600 2320; baseline -0.001 -11"><span class='ocrx_word' id='word_1_217' title='bbox 67 2302 74 2309; x_wconf 90' lang='lat'>.</span> <span class='ocrx_word' id='word_1_218' title='bbox 114 2271 268 2308; x_wconf 75' lang='lat' dir='ltr'>Cassius</span> <span class='ocrx_word' id='word_1_219' title='bbox 315 2276 438 2308; x_wconf 80' lang='lat' dir='ltr'>aulem</span> <span class='ocrx_word' id='word_1_220' title='bbox 469 2271 638 2308; x_wconf 76' lang='lat' dir='ltr'>Hemina</span> <span class='ocrx_word' id='word_1_221' title='bbox 684 2272 752 2315; x_wconf 77' lang='lat' dir='ltr'>ait,</span> <span class='ocrx_word' id='word_1_222' title='bbox 774 2302 780 2309; x_wconf 89' lang='lat'>.</span> <span class='ocrx_word' id='word_1_223' title='bbox 801 2302 808 2309; x_wconf 92' lang='lat'>.</span> <span class='ocrx_word' id='word_1_224' title='bbox 860 2276 946 2308; x_wconf 78' lang='lat' dir='ltr'>tunc</span> <span class='ocrx_word' id='word_1_225' title='bbox 986 2273 1156 2320; x_wconf 76' lang='lat' dir='ltr'>primum</span> <span class='ocrx_word' id='word_1_226' title='bbox 1198 2277 1304 2320; x_wconf 76' lang='lat' dir='ltr'>turpe</span> <span class='ocrx_word' id='word_1_227' title='bbox 1349 2271 1517 2308; x_wconf 77' lang='lat' dir='ltr'>habitum</span> <span class='ocrx_word' id='word_1_228' title='bbox 1546 2276 1600 2308; x_wconf 78' lang='lat' dir='ltr'>est</span> 
     </span>
     <span class='ocr_line' id='line_1_30' title="bbox 34 2343 636 2381; baseline 0.003 -2"><span class='ocrx_word' id='word_1_229' title='bbox 34 2347 185 2379; x_wconf 79' lang='lat' dir='ltr'>morlem</span> <span class='ocrx_word' id='word_1_230' title='bbox 218 2343 290 2379; x_wconf 70' lang='lat' dir='ltr'>sibe·</span> <span class='ocrx_word' id='word_1_231' title='bbox 317 2344 552 2380; x_wconf 50' lang='lat' dir='ltr'>consalu-erm</span> <span class='ocrx_word' id='word_1_232' title='bbox 598 2374 604 2381; x_wconf 85' lang='lat'>.</span> <span class='ocrx_word' id='word_1_233' title='bbox 630 2374 636 2381; x_wconf 92' lang='lat'>.</span> 
     </span>
    </p>

    <p class='ocr_par' dir='ltr' id='par_1_13' title="bbox 34 2414 1595 2678">
     <span class='ocr_line' id='line_1_31' title="bbox 179 2414 1595 2464; baseline 0 -13"><span class='ocrx_word' id='word_1_234' title='bbox 179 2415 284 2462; x_wconf 88' lang='lat' dir='ltr'>Ergo</span> <span class='ocrx_word' id='word_1_235' title='bbox 307 2426 415 2451; x_wconf 85' lang='lat' dir='ltr'>-cum</span> <span class='ocrx_word' id='word_1_236' title='bbox 449 2427 580 2463; x_wconf 82' lang='lat' dir='ltr'>neque</span> <span class='ocrx_word' id='word_1_237' title='bbox 613 2427 751 2452; x_wconf 84' lang='lat' dir='ltr'>omnes</span> <span class='ocrx_word' id='word_1_238' title='bbox 792 2414 1118 2463; x_wconf 83' lang='lat' dir='ltr'>philosophorum</span> <span class='ocrx_word' id='word_1_239' title='bbox 1153 2414 1316 2451; x_wconf 84' lang='lat' dir='ltr'>scholae</span> <span class='ocrx_word' id='word_1_240' title='bbox 1348 2427 1478 2464; x_wconf 87' lang='lat' dir='ltr'>neque</span> <span class='ocrx_word' id='word_1_241' title='bbox 1501 2415 1595 2451; x_wconf 90' lang='lat' dir='ltr'>Ver-</span> 
     </span>
     <span class='ocr_line' id='line_1_32' title="bbox 34 2484 1593 2535; baseline 0 -13"><span class='ocrx_word' id='word_1_242' title='bbox 34 2484 150 2534; x_wconf 82' lang='lat' dir='ltr'>gilius</span> <span class='ocrx_word' id='word_1_243' title='bbox 198 2497 328 2534; x_wconf 85' lang='lat' dir='ltr'>neque</span> <span class='ocrx_word' id='word_1_244' title='bbox 377 2486 533 2523; x_wconf 89' lang='lat' dir='ltr'>brevior</span> <span class='ocrx_word' id='word_1_245' title='bbox 586 2486 742 2524; x_wconf 79' lang='lat' dir='ltr'>Servius</span> <span class='ocrx_word' id='word_1_246' title='bbox 790 2492 955 2522; x_wconf 84' lang='lat' dir='ltr'>mortem</span> <span class='ocrx_word' id='word_1_247' title='bbox 1013 2485 1274 2522; x_wconf 85' lang='lat' dir='ltr'>voluntariam</span> <span class='ocrx_word' id='word_1_248' title='bbox 1328 2485 1593 2535; x_wconf 77' lang='lat' dir='ltr'>probaverint,</span> 
     </span>
     <span class='ocr_line' id='line_1_33' title="bbox 38 2556 1593 2606; baseline 0 -12"><span class='ocrx_word' id='word_1_249' title='bbox 38 2557 206 2594; x_wconf 88' lang='lat' dir='ltr'>omnino</span> <span class='ocrx_word' id='word_1_250' title='bbox 239 2570 320 2594; x_wconf 88' lang='lat' dir='ltr'>non</span> <span class='ocrx_word' id='word_1_251' title='bbox 355 2569 454 2606; x_wconf 83' lang='lat' dir='ltr'>opus</span> <span class='ocrx_word' id='word_1_252' title='bbox 501 2565 558 2595; x_wconf 86' lang='lat' dir='ltr'>est</span> <span class='ocrx_word' id='word_1_253' title='bbox 607 2557 715 2606; x_wconf 89' lang='lat' dir='ltr'>quod</span> <span class='ocrx_word' id='word_1_254' title='bbox 764 2557 854 2594; x_wconf 86' lang='lat' dir='ltr'>fecit</span> <span class='ocrx_word' id='word_1_255' title='bbox 902 2556 1034 2601; x_wconf 86' lang='lat' dir='ltr'>Thilo,</span> <span class='ocrx_word' id='word_1_256' title='bbox 1085 2557 1227 2593; x_wconf 87' lang='lat' dir='ltr'>referre</span> <span class='ocrx_word' id='word_1_257' title='bbox 1276 2556 1372 2594; x_wconf 90' lang='lat' dir='ltr'>illud</span> <span class='ocrx_word' id='word_1_258' title='bbox 1406 2557 1593 2606; x_wconf 82' lang='lat' dir='ltr'>plenioris</span> 
     </span>
     <span class='ocr_line' id='line_1_34' title="bbox 35 2627 651 2678; baseline 0.002 -13"><span class='ocrx_word' id='word_1_259' title='bbox 35 2627 85 2665; x_wconf 87' lang='lat' dir='ltr'>ad</span> <span class='ocrx_word' id='word_1_260' title='bbox 118 2628 372 2666; x_wconf 88' lang='lat' dir='ltr'>christianum</span> <span class='ocrx_word' id='word_1_261' title='bbox 406 2629 651 2678; x_wconf 86' lang='lat' dir='ltr'>scriptorem.</span> 
     </span>
    </p>
   </div>
   <div class='ocr_carea' id='block_1_3' title="bbox 176 2827 1595 2931">
    <p class='ocr_par' dir='ltr' id='par_1_14' title="bbox 176 2827 1595 2931">
     <span class='ocr_line' id='line_1_35' title="bbox 176 2827 551 2866; baseline -0.005 -5"><span class='ocrx_word' id='word_1_262' title='bbox 176 2841 220 2861; x_wconf 78' lang='lat' dir='ltr'>tos</span> <span class='ocrx_word' id='word_1_263' title='bbox 265 2827 307 2862; x_wconf 77' lang='lat' dir='ltr'>cs.</span> <span class='ocrx_word' id='word_1_264' title='bbox 337 2828 381 2859; x_wconf 93' lang='lat' dir='ltr'>G.</span> <span class='ocrx_word' id='word_1_265' title='bbox 409 2837 431 2866; x_wconf 89' lang='lat'>4</span> <span class='ocrx_word' id='word_1_266' title='bbox 472 2837 511 2859; x_wconf 91' lang='lat'>21</span> <span class='ocrx_word' id='word_1_267' title='bbox 545 2853 551 2859; x_wconf 93' lang='lat'>.</span> 
     </span>
     <span class='ocr_line' id='line_1_36' title="bbox 177 2828 1595 2931; baseline -0.001 -11"><span class='ocrx_word' id='word_1_268' title='bbox 177 2828 238 2930; x_wconf 57' lang='lat'><strong>¹⁰⁴3</strong></span> <span class='ocrx_word' id='word_1_269' title='bbox 263 2886 305 2918; x_wconf 82' lang='lat' dir='ltr'>cs.</span> <span class='ocrx_word' id='word_1_270' title='bbox 329 2857 496 2931; x_wconf 67' lang='lat' dir='ltr'>Stiiudlin⁷</span> <span class='ocrx_word' id='word_1_271' title='bbox 519 2837 725 2919; x_wconf 81' lang='lat' dir='ltr'>9Geschichte</span> <span class='ocrx_word' id='word_1_272' title='bbox 751 2887 808 2918; x_wconf 86' lang='lat' dir='ltr'>der</span> <span class='ocrx_word' id='word_1_273' title='bbox 834 2887 963 2918; x_wconf 86' lang='lat' dir='ltr'>Lehren</span> <span class='ocrx_word' id='word_1_274' title='bbox 991 2887 1057 2918; x_wconf 92' lang='lat' dir='ltr'>und</span> <span class='ocrx_word' id='word_1_275' title='bbox 1085 2886 1341 2929; x_wconf 84' lang='lat' dir='ltr'>Vorstellungen</span> <span class='ocrx_word' id='word_1_276' title='bbox 1368 2898 1444 2919; x_wconf 84' lang='lat' dir='ltr'>vom</span> <span class='ocrx_word' id='word_1_277' title='bbox 1472 2887 1595 2920; x_wconf 63' lang='lat' dir='ltr'>selbst-</span> 
     </span>
    </p>
   </div>
   <div class='ocr_carea' id='block_1_4' title="bbox 35 2945 663 3049">
    <p class='ocr_par' dir='ltr' id='par_1_15' title="bbox 35 2945 663 3049">
     <span class='ocr_line' id='line_1_37' title="bbox 35 2945 460 2987; baseline 0 -9"><span class='ocrx_word' id='word_1_278' title='bbox 35 2946 141 2983; x_wconf 84' lang='lat' dir='ltr'>mord,</span> <span class='ocrx_word' id='word_1_279' title='bbox 172 2945 325 2987; x_wconf 74' lang='lat' dir='ltr'>Gotting.</span> <span class='ocrx_word' id='word_1_280' title='bbox 362 2946 460 2985; x_wconf 87' lang='lat'><strong>¹824-</strong></span> 
     </span>
     <span class='ocr_line' id='line_1_38' title="bbox 176 3005 663 3049; baseline -0.006 -10"><span class='ocrx_word' id='word_1_281' title='bbox 176 3008 235 3046; x_wconf 73' lang='lat'>1⁰5)</span> <span class='ocrx_word' id='word_1_282' title='bbox 262 3005 305 3037; x_wconf 81' lang='lat' dir='ltr'>cf.</span> <span class='ocrx_word' id='word_1_283' title='bbox 333 3017 429 3047; x_wconf 84' lang='lat' dir='ltr'>supra</span> <span class='ocrx_word' id='word_1_284' title='bbox 456 3016 535 3047; x_wconf 87' lang='lat' dir='ltr'>pag.</span> <span class='ocrx_word' id='word_1_285' title='bbox 567 3013 583 3046; x_wconf 84' lang='lat'><em>7</em></span> <span class='ocrx_word' id='word_1_286' title='bbox 611 3016 663 3049; x_wconf 91' lang='lat' dir='ltr'>sq.</span> 
     </span>
    </p>
   </div>
  </div>
 </body>
</html>
