2023 3543
718 237 1012 274 „31—

231 356 451 402 ,Postremo
485 355 668 393 breviora
701 355 854 393 scholia
885 363 925 393 ut
958 357 1202 405 plenioribus
1226 357 1505 406 adaptarentur
1537 359 1642 396 haud

85 425 223 475 paucis
256 425 354 463 locis
387 426 605 464 admodum
639 426 832 464 violenter
864 434 1014 465 mutata
1046 424 1208 481 sunt⁸)‘:

227 498 347 534 Velut
362 499 397 534 A
417 511 476 544 1,2
486 499 539 544 48
557 511 564 536 :
581 499 796 547 ‚Armaque
809 496 1081 549 fixitssTroiass]
1096 512 1168 536 non
1183 501 1387 536 neccssaria
1402 502 1517 548 quasi
1529 513 1642 538 amse-

83 569 342 617 cravit,·figere
355 571 450 606 enim
466 581 673 607 consecrare
683 570 743 606 llic
751 570 918 607 debemus
930 572 1098 619 accipere,
1114 576 1157 607 ul
1172 572 1343 620 ,pastibus
1354 572 1522 609 adversis
1530 573 1642 621 flgvf

83 640 142 678 Et
159 641 227 677 leoz·
240 636 559 689 szgnficat,*hoe
578 637 671 685 estss,
691 654 851 678 securus
871 650 928 679 est
962 641 1056 690 quia
1088 642 1217 680 solent
1249 642 1357 679 missi
1391 643 1529 680 militia
1561 645 1642 682 sive

46 711 49 713 ’
83 711 307 761 gladiatura
369 712 612 760 quibuslibet
661 712 816 761 templis
881 725 989 750 arma
1054 713 1309 762 suspendere,
1360 722 1400 751 ut
1452 716 1641 753 Horatius

86 782 291 827 ,Veianius
340 782 458 820 armis
503 782 687 820 Herculis
732 783 782 820 ad
822 791 976 832 postem
1024 784 1109 820 fixis
1154 792 1191 822 et
1236 785 1386 822 Danais
1439 786 1489 822 de
1529 794 1642 834 poste

83 855 276 892 refixum‘.

94 916 98 920 ⁴
226 926 346 963 Thilo
395 933 445 971 ,et
490 926 567 963 hoc
613 925 821 975 significat‘
864 926 1022 974 delevit,
1071 934 1111 964 ut
1152 927 1342 964 brevioris
1375 927 1498 965 Servii
1545 928 1641 966 illud

82 1009 242 1046 prorsus
284 997 412 1035 simile
458 997 548 1042 ,hoc
590 1002 660 1035 est‘
709 1010 791 1034 non
834 1010 1118 1047 supervacuum
1152 1007 1266 1042 esset,
1316 1012 1558 1047 quamquam
1601 1006 1642 1037 ut

82 1068 180 1106 illud
212 1068 505 1117 interpolatoris
543 1068 596 1105 ita
629 1069 705 1105 hoc
728 1069 960 1106 breviatoris
995 1081 1080 1107 esse
1113 1077 1253 1118 potest.
1320 1070 1504 1118 Sequitur
1535 1072 1640 1108 enim

83 1140 211 1189 legem
259 1152 379 1188 quam
427 1139 502 1177 sibi
549 1138 794 1189 scripserat9)
842 1153 930 1177 curn
986 1141 1120 1178 mallet
1161 1141 1199 1178 in
1238 1141 1283 1178 iis
1316 1142 1413 1179 locis
1453 1143 1641 1191 plenioris

83 1211 358 1249 commentarii
392 1218 622 1249 contextum
655 1212 807 1250 solvere
837 1224 954 1260 quam
979 1211 1252 1250 auctoritatem
1278 1213 1500 1251 breviorum
1524 1215 1638 1252 libro-

82 1295 167 1320 rum
199 1295 397 1332 spernere.
462 1283 604 1332 Neque
637 1283 749 1321 aliter
782 1296 841 1321 res
875 1283 1014 1321 ceteris
1048 1284 1146 1320 locis
1179 1296 1220 1321 se
1253 1285 1384 1329 habet,
1419 1298 1506 1323 cum
1542 1286 1642 1324 inter

81 1353 208 1392 varias
241 1354 407 1392 duarum
441 1354 719 1392 recensionum
755 1354 945 1392 lectiones
978 1362 1018 1392 ut
1041 1355 1141 1392 haee
1164 1355 1217 1392 ita
1240 1355 1307 1393 illa
1330 1356 1482 1406 integra
1504 1357 1639 1395 haberi

80 1425 218 1475 possit,
261 1425 337 1463 nisi
370 1426 485 1464 certis
519 1426 569 1464 de
602 1426 731 1463 causis
766 1427 889 1464 altera
923 1426 1183 1474 praeferenda
1227 1435 1306 1465 est:
1357 1428 1465 1466 nulla
1510 1437 1639 1466 autem

81 1505 190 1536 certa
236 1505 469 1546 argumenta
511 1497 637 1535 attulit
678 1497 810 1542 Thilo,
861 1510 940 1546 quo
982 1498 1137 1535 accedit
1180 1499 1289 1547 quod
1328 1507 1365 1537 et
1409 1501 1564 1549 plenior
1604 1509 1641 1538 et

80 1569 238 1607 brevior
270 1569 577 1607 commentarius
611 1576 759 1606 mutata
791 1569 918 1606 forma
960 1577 1134 1606 servatus
1173 1568 1300 1619 estw),
1335 1578 1375 1607 ut
1414 1583 1472 1609 res
1515 1572 1641 1621 magis

80 1640 232 1678 lubrica
264 1640 324 1678 sit.

223 1717 364 1764 Itaque
410 1715 529 1753 etiam
572 1728 620 1753 ea
654 1716 778 1753 dubia
810 1723 898 1753 sunt
932 1728 1034 1764 quae
1068 1716 1187 1752 Thilo
1221 1716 1270 1753 ad
1304 1718 1339 1753 A
1363 1730 1401 1763 4,
1451 1727 1527 1765 215
1565 1716 1639 1754 dis-

78 1787 235 1836 putavit
267 1799 511 1836 quamquam
546 1799 625 1824 rem
661 1787 715 1824 ita
748 1787 936 1836 explicari
970 1800 1088 1836 posse
1121 1800 1266 1835 negare
1298 1789 1406 1825 nolo.

221 1859 368 1896 Extant
400 1858 504 1896 enim
539 1871 587 1896 eo
621 1859 711 1896 loco
744 1867 820 1896 tres
864 1859 1075 1897 lectiones:
1122 1859 1276 1907 plenior
1321 1860 1448 1897 codex
1494 1861 1638 1898 Floria-

31 1976 37 1983 ·
77 1930 206 1968 censis
255 1929 543 1979 amplissimum
585 1937 856 1967 commentum
901 1930 1090 1979 praebet,
1154 1930 1252 1967 alter
1304 1931 1458 1979 plenior
1511 1933 1639 1969 codex

77 2001 326 2040 Turonensis
359 2001 502 2039 eadem
536 2001 649 2039 initio
682 2002 900 2051 paullulum
934 2009 1081 2039 mutata
1114 2001 1272 2039 exhibet
1296 2010 1450 2051 praeter
1473 2003 1637 2052 Vergilii

80 2085 235 2111 versum
271 2072 457 2121 aliquem,
491 2073 620 2110 solum
652 2073 757 2110 hunc
790 2085 943 2110 versum
976 2072 1130 2121 scripsit
1162 2073 1319 2111 brevior
1351 2074 1519 2112 Servius.

222 2156 335 2204 Quas
379 2155 506 2193 varias
551 2156 736 2193 codicum
780 2156 973 2194 lectiones
1007 2155 1060 2193 ita
1091 2155 1210 2192 Thilo
1243 2156 1435 2205 explicat:
1482 2158 1639 2196 brevior

78 2227 234 2265 Servius
267 2227 434 2265 similem
469 2227 673 2276 quendam
705 2240 859 2265 versum
893 2227 988 2264 noni
1021 2227 1109 2264 libri
1143 2227 1318 2265 laudavit
1351 2236 1468 2277 atque
1502 2237 1639 2267 auctor

77 2298 340 2337 Floriacensis
372 2298 474 2345 libri,
508 2307 549 2336 ut
581 2299 616 2337 ei
650 2299 777 2337 versui
811 2299 1016 2348 adaptaret
1050 2311 1153 2347 quae
1186 2299 1225 2335 in
1248 2299 1389 2336 codice
1413 2301 1636 2338 Turonensi

76 2370 185 2420 legit,
217 2370 318 2408 haec
351 2370 471 2408 verba
502 2370 678 2408 mutavit.
804 2420 808 2424 ι

220 2443 273 2479 At
304 2441 555 2479 Turonensia
587 2441 740 2479 scholia
771 2442 905 2491 paullo
939 2441 1122 2479 inferiore
1140 2448 1316 2490 tempore
1349 2455 1467 2490 quam
1494 2443 1638 2481 Floria-

77 2513 213 2551 censia
243 2513 393 2563 scripta
425 2525 512 2551 esse
544 2510 794 2563 videntur¹¹).

219 2586 352 2633 Atque
383 2585 526 2623 eodem
561 2585 643 2622 iure
675 2585 914 2622 contrarium
948 2585 1088 2622 dixerit
1122 2585 1529 2633 aliquis,.breviorem
1554 2586 1636 2625 Ser-

220 2806 249 2853 8)
275 2808 317 2846 cf,
343 2809 456 2847 Thilo,
488 2820 566 2851 pag.
596 2809 640 2841 X.

220 2877 247 2924 ⁹)
273 2880 317 2912 cf.
345 2880 459 2918 Thilo,
490 2892 569 2922 pag.
598 2881 642 2912 X.

222 2949 265 2994 ¹⁰)
290 2953 333 2984 cf.
363 2953 475 2989 Thilo,
507 2963 584 2994 pag.
614 2953 736 2996 XLVI,
765 2952 854 2983 LIX.

223 3021 264 3067 ¹¹)
287 3023 329 3060 ef,
355 3024 458 3055 Thilo
504 3035 583 3066 pag.
613 3025 689 3056 le
715 3031 745 3056 et
772 3025 877 3056 LXII.

463 3052 470 3068 Ἃ
