2023 3543
979 272 1039 279 -——-·
1104 260 1150 286 12
1215 269 1273 275 *-

354 401 472 437 quam
506 392 647 435 quarto
680 384 839 422 saeculo
889 381 1181 420 attribuendum
1215 385 1341 425 esset;
1391 376 1466 414 nisi
1515 375 1612 413 illud
1644 388 1766 414 unum
1799 376 1909 425 quod

353 466 506 508 practer
539 457 713 494 Servium
740 455 956 504 pleniorem
991 451 1039 499 (A
1064 450 1178 502 3,67)
1203 449 1360 488 Caelius
1384 446 1621 486 Aurelianus
1654 448 1762 486 solus
1788 448 1909 498 scrip·

353 531 449 567 sisse
467 523 686 578 videmnffl)
721 527 797 565 Sed
827 523 1056 563 temeritatis
1090 522 1225 560 vitium
1260 521 1325 559 ille
1373 520 1601 566 incurreret,
1636 520 1704 569 qui
1753 532 1801 558 ex
1833 520 1909 558 hac

354 614 430 638 una
461 613 501 637 re
536 611 661 647 eaque
694 597 815 635 dubia
832 593 881 646 G³)
915 602 1083 634 aetatem
1118 593 1241 632 Servii
1275 592 1464 642 plenioris
1498 591 1665 631 definire
1696 592 1826 630 vellet.

494 671 657 708 Saniore
706 669 856 706 ratione
889 668 919 705 is
958 674 1098 710 utetur,
1148 665 1216 714 qui
1263 677 1310 702 ex
1342 664 1474 702 multis
1507 664 1583 702 illis
1631 662 1839 701 vocabulis
1871 668 1911 701 et

353 742 544 781 sermonis
577 739 895 791 proprietatibus,
932 751 1033 787 quac
1066 737 1301 786 scriptorum
1335 749 1483 785 magno
1507 748 1672 774 numero
1696 734 1792 773 certi
1813 741 1909 773 tern-

352 814 458 864 poris
491 826 579 851 cum
614 812 748 850 Servio
781 811 958 860 pleniore
991 809 1219 847 communia
1252 814 1353 851 sunt,
1388 807 1658 845 concludendi
1690 806 1909 856 periculum

353 886 478 923 faciet.
559 887 645 934 Jam
668 896 774 927 vero,
799 882 907 931 quod
940 894 987 919 ex
1018 894 1098 918 una
1129 878 1398 925 similitudine,
1418 891 1522 928 quae
1554 879 1655 916 inter
1677 878 1854 916 Servium
1871 884 1910 916 et

353 957 579 1006 scriptorem
627 954 811 992 itinerarii
837 952 1133 1002 Burdigalensis
1176 951 1397 996 intercedit,
1445 951 1625 988 Thomas
1653 950 1769 988 nimis
1788 951 1904 988 confi-

353 1023 724 1076 (lentcr·collegit’“'‘³),
742 1026 781 1063 id
793 1025 908 1062 nobis
918 1037 965 1062 ex
975 1023 1343 1073 comparationibus
1353 1036 1472 1072 supra
1484 1022 1698 1072 propositis
1710 1035 1782 1072 pro
1801 1028 1909 1060 certo

352 1100 588 1136 concludere
606 1097 752 1142 licebit,
778 1110 825 1134 eo
844 1097 923 1134 sere
944 1095 1084 1133 vixisse
1108 1095 1269 1133 saeculo
1288 1095 1507 1144 pleniorem
1523 1094 1700 1132 Servium
1711 1094 1910 1144 quofuere

357 1170 618 1208 Tertullianus
645 1169 767 1218 Julius
802 1168 943 1206 Paulus
984 1167 1181 1217 Ulpianus
1220 1166 1435 1204 Charisius.
1502 1167 1561 1204 Eo
1587 1165 1692 1204 enim
1726 1178 1910 1204 sermone

354 1242 481 1293 utitur,
517 1241 582 1290 qui
616 1241 717 1278 tertii
751 1240 897 1278 saeculi
931 1239 1108 1277 exeuntis
1141 1239 1201 1276 vel
1237 1238 1364 1287 quarti
1412 1238 1560 1275 saeculi
1594 1237 1775 1287 proprius
1827 1245 1909 1288 est3

335 1310 447 1361 'quin
502 1313 617 1350 etiam
667 1313 822 1350 duobus
869 1312 967 1348 locis
983 1308 1030 1360 ⁰7)
1092 1313 1268 1359 Draeger
1312 1322 1385 1347 nos
1439 1309 1574 1347 docuit
1621 1309 1742 1347 verba
1791 1322 1909 1359 quae·

353 1385 442 1422 dam
502 1391 654 1433 praeter
707 1383 883 1421 Servium
938 1383 1156 1432 pleniorem
1210 1382 1274 1420 hic
1323 1381 1535 1430 spartiano
1601 1387 1639 1419 et
1704 1381 1908 1431 Vopisco:

351 1456 430 1493 illic
463 1455 689 1504 Capitolino
734 1462 885 1492 tantum
920 1453 1004 1492 usui
1037 1453 1167 1490 fuisse.
1232 1453 1373 1502 Neque
1407 1453 1651 1502 Spartianus,
1695 1453 1907 1503 Vopiscus,

353 1528 598 1576 Capitolinus
646 1526 719 1563 soli
751 1540 824 1563 nos
867 1526 1087 1575 impediunt
1119 1538 1169 1562 ne
1201 1525 1358 1574 longius
1392 1532 1501 1562 extra
1533 1526 1631 1562 fines
1664 1525 1795 1574 quarti
1826 1537 1909 1563 sae-

352 1599 428 1636 culi
462 1611 682 1648 evagemur,
718 1598 848 1635 obstat
881 1597 997 1635 etiam
1032 1597 1274 1635 Claudianus
1298 1596 1558 1634 Mamertinus
1573 1594 1621 1648 68)
1655 1603 1773 1646 atque
1807 1597 1906 1647 ipso-

351 1683 434 1707 rum
469 1670 599 1714 Gellii,
635 1669 769 1713 Servii,
805 1669 1013 1713 Macrobii,
1051 1675 1090 1706 ut
1121 1681 1240 1717 supra
1274 1668 1367 1713 dixi,
1386 1666 1433 1718 Μ’)
1467 1675 1557 1706 sunt
1590 1669 1908 1708 constructiones

347 1741 455 1778 verbi
504 1741 701 1786 ,faciendi‘
727 1753 828 1789 quae
861 1741 898 1777 in
924 1740 1111 1789 plenioris
1135 1740 1258 1778 Servii
1281 1740 1569 1778 commentario
1592 1740 1708 1779 valde
1743 1741 1909 1779 usitatae

348 1820 446 1850 sunt.

491 1874 603 1920 Quae
637 1885 723 1908 cunr
758 1871 810 1909 ita
843 1872 930 1916 sint,
982 1872 1216 1909 adducimur
1324 1885 1373 1908 ne
1406 1871 1538 1909 (licam
1572 1870 1752 1921 cogimur
1771 1894 1825 1899 —--
1857 1882 1908 1908 ne

349 1944 492 1980 ultra
553 1943 740 1991 quarti
805 1943 1021 1980 saeculi
1086 1943 1237 1981 fines
1287 1943 1686 1992 procedamus,
1733 1954 1909 1992 praeser-

348 2014 415 2050 tim
449 2027 536 2050 cum
570 2015 709 2051 ceteris
758 2015 795 2051 in
830 2015 945 2052 rebus
994 2028 1123 2053 sermo
1173 2015 1361 2064 plenioris
1409 2014 1533 2053 Servii
1576 2014 1669 2052 satis
1703 2027 1822 2064 purus
1856 2013 1908 2052 ad

347 2086 689 2134 grammaticorum
724 2086 942 2124 orationem
977 2087 1147 2124 maxime
1189 2087 1368 2135 quadret.

495 2158 630 2194 Rebus
662 2158 930 2207 grammaticis
964 2158 1079 2207 igitur
1107 2159 1332 2207 perquisitis·
1380 2159 1584 2196 videmnus
1619 2157 1716 2207 quid
1748 2156 1907 2195 Servius

349 2229 504 2276 plenior
536 2230 597 2266 ‹le
647 2230 886 2267 moribus
937 2238 1092 2278 atquc
1140 2230 1488 2268 caerimoniis
1537 2229 1732 2268 aetatis
1778 2241 1906 2267 suae

349 2300 529 2347 proferat.
574 2301 695 2347 Quod
716 2301 877 2349 quidem
895 2302 973 2339 fere
989 2301 1082 2338 fecit
1099 2302 1231 2346 Thilo,
1251 2315 1340 2339 cum
1355 2315 1482 2351 pauca
1507 2302 1706 2351 quaedam
1731 2313 1908 2339 comme·

349 2367 590 2421 morarctw),
642 2372 796 2421 ,quibus
842 2385 864 2409 a
912 2372 1090 2421 pleniore
1139 2374 1273 2411 Servio
1322 2374 1372 2412 de
1420 2380 1595 2411 veterum
1630 2375 1903 2411 Romanorum

351 2441 535 2479 institutis
569 2450 605 2479 et
641 2443 897 2492 religionibus
932 2451 1048 2492 atque
1083 2445 1198 2482 etiam
1223 2458 1406 2483 sermone
1430 2452 1634 2494 tamquam
1670 2445 1721 2483 de
1745 2444 1905 2482 abolitis

348 2519 465 2560 atque
498 2514 713 2563 peregrinis
748 2515 862 2552 rebus
895 2520 1102 2564 ageretur!

488 2628 529 2672 ¹⁵⁴)
557 2630 599 2661 cf.
628 2643 723 2673 supra
750 2643 783 2672 p.
814 2641 846 2672 3.

491 2688 536 2731 ⁶⁵)
563 2691 692 2721 Etenim
717 2691 869 2731 opinatur
883 2692 1043 2723 Schwabe
1059 2692 1210 2724 Caelium
1237 2693 1452 2725 Aurelianum
1485 2693 1617 2726 ineunte
1643 2694 1758 2735 quinto
1773 2693 1906 2725 saeculo

349 2748 457 2779 fuisse.
486 2749 528 2779 cs.
559 2750 874 2788 Teuffel-Schwabe,
907 2762 984 2792 pag.
1019 2753 1117 2783 1182.

488 2807 531 2850 fi⁸)
558 2809 597 2841 ef.
625 2820 722 2850 supra
749 2821 781 2850 p.
814 2819 831 2841 2
859 2811 937 2842 adn.
967 2812 999 2846 8,

488 2865 533 2908 c'⁷)
558 2868 599 2899 cf.
628 2879 724 2909 supra
748 2880 781 2910 p.
807 2877 823 2909 7
851 2876 882 2901 et
913 2879 966 2901 11.

489 2925 530 2966 ⁰⁸)
558 2928 599 2958 cf.
630 2928 755 2965 Kelter‚
785 2939 817 2969 p.
847 2937 903 2969 30.

489 2984 529 3026 ¹³⁴³)
558 2987 599 3017 cf.
628 2998 724 3027 supra
751 2999 782 3028 p.
815 2995 846 3028 5.

487 3046 530 3079 70)
558 3046 659 3076 Thilo
687 3047 741 3077 ed.
771 3047 862 3077 Serv.
892 3048 1002 3078 vol.¹I
1030 3059 1063 3089 p.
1092 3049 1226 3081 LXVII.
