2023 3543
969 250 1232 288 „6—

322 385 536 423 luminibus
590 384 770 421 orbatam
836 382 1008 430 fecitque
1061 388 1102 418 ut
1154 379 1332 430 quisquis
1399 384 1518 427 caput
1571 377 1656 416 eius
1707 376 1883 422 vidisset,

323 464 537 494 verteretur
589 456 626 492 in
661 459 826 491 saxum‘.
901 455 993 501 Quo
1049 452 1086 489 in
1121 453 1211 489 loco
1245 450 1487 488 constructio
1540 450 1642 487 illius
1686 448 1794 487 verbi
1847 456 1886 488 et

324 527 517 565 rarissime
574 534 611 565 et
651 525 881 574 saepissime
925 524 1068 561 usitata
1101 524 1211 562 inest.
1279 522 1395 559 Plura
1427 520 1540 558 liuius
1563 521 1671 559 modi
1706 521 1888 570 exempla

324 598 588 644 inveniuntur,
614 605 655 634 ut
674 598 716 633 B.
748 610 810 641 10,
839 598 908 632 18:
939 594 1171 640 ,Mercurius
1196 593 1403 631 miseratus
1426 591 1640 640 imaginem
1675 592 1830 630 Adonis
1852 621 1885 630 ..

324 670 374 708 ad
421 683 511 707 suos
546 668 680 707 reduci
729 667 833 704 fecit‘
868 673 906 704 et
930 668 978 704 G.
1008 680 1040 711 1,
1069 668 1138 705 18:
1176 665 1252 710 ,cui
1284 672 1478 714 postea..
1515 664 1674 701 fluvium
1709 663 1885 701 eiusdem

324 740 508 778 vocabuli
542 739 650 777 nasci
686 738 776 776 fecit
825 744 863 776 et
896 738 945 776 G.
979 751 1014 785 2,
1037 740 1145 786 380:
1199 736 1332 781 ,Liber
1365 742 1476 785 pater
1509 747 1598 773 eum
1632 735 1763 774 occidi
1797 734 1889 773 fecit

325 819 362 850 et
395 811 430 849 ei
464 812 547 849 tolli
568 817 689 848 utrem
724 810 763 846 in
782 822 861 859 quo
894 809 994 847 mitti
1029 809 1161 846 vinum
1197 808 1316 846 fecit‘.

466 885 597 931 Atque
622 882 726 919 idem
763 881 937 926 verbum,
962 890 1003 919 ut
1041 894 1158 930 supra
1181 880 1276 925 dixi,
1302 892 1374 929 pro
1407 879 1567 922 ‚iubere‘
1592 879 1764 928 positum
1799 891 1888 916 cum

327 954 521 992 infinitivo
559 952 745 1002 coniungi
780 953 1004 1002 frequenter
1036 959 1204 989 exeunte
1252 951 1365 989 tertio
1408 951 1569 989 saeculo
1603 950 1891 988 Thielmannus

326 1028 456 1065 docet.
476 1021 526 1075 25)
588 1027 707 1062 Hunc
740 1031 870 1062 autem
904 1024 942 1061 in
977 1024 1140 1061 modum
1174 1023 1291 1062 etiam
1327 1023 1483 1073 plenior
1514 1022 1672 1060 Servius
1704 1018 1890 1075 (A9,52)

327 1111 457 1147 ‚quem
491 1097 591 1146 (scil.
617 1097 728 1134 miles
752 1096 915 1145 quidam
944 1095 1094 1146 Pyrrhi)
1113 1096 1290 1133 fecerunt
1311 1096 1442 1133 locum
1466 1100 1609 1132 emere‘
1644 1094 1742 1132 dixit
1773 1101 1892 1143 atque

326 1169 456 1208 multis
490 1169 575 1206 aliis
609 1169 720 1213 locis,
756 1169 865 1217 quod
898 1168 1003 1206 idem
1038 1168 1326 1205 Thielmannus
1361 1175 1660 1205 commemorat.
1680 1163 1732 1217 2ξί)

470 1240 599 1278 Etiam
633 1241 709 1277 hoc
743 1239 946 1277 mentione
979 1239 1143 1287 dignum
1167 1252 1253 1277 esse
1277 1239 1472 1284 existimo,
1508 1239 1616 1288 quod
1652 1238 1891 1288 ,praeci-

326 1311 553 1362 piendi‘
587 1312 749 1349 verbum
783 1318 967 1359 sequatur
1015 1310 1231 1347 infinitivus
1265 1310 1315 1359 (A
1336 1323 1374 1356 4,
1395 1309 1520 1360 402):
1562 1309 1758 1355 ,Minerva
1790 1312 1893 1359 Myr-

329 1384 471 1422 micem
497 1414 502 1420 .
526 1415 531 1420 .
555 1383 762 1420 adversam
797 1381 1026 1419 frumentis.
1050 1412 1057 1418 .
1083 1394 1167 1419 esse
1202 1380 1418 1431 praecepit‘
1447 1387 1485 1419 et
1507 1380 1556 1430 <A
1588 1395 1602 1418 1
1618 1395 1651 1428 1,
1682 1382 1767 1432 19):
1788 1394 1892 1428 ,cum

329 1456 563 1504 imperasset
597 1454 709 1503 signa
741 1453 895 1491 tolli...
931 1453 967 1490 vi
1001 1466 1146 1502 magna
1179 1452 1329 1491 extrahi
1364 1452 1595 1502 praecepit‘‚
1648 1465 1893 1503 quamquam

327 1528 433 1564 hanc
466 1533 697 1564 structuram
732 1538 781 1563 ne
815 1537 935 1563 aurea
967 1524 1130 1574 quidem
1163 1524 1337 1562 latinitas
1371 1524 1530 1573 respuit.
1547 1521 1597 1574 27)

474 1597 678 1643 Rediviva‚
705 1604 745 1634 ut
778 1597 832 1634 ita
864 1596 1009 1641 dicam,
1046 1602 1238 1634 structura
1269 1595 1378 1633 verbi
1427 1596 1773 1640 ,metuendi‘
1808 1609 1894 1635 esse

327 1671 496 1716 videtur,
546 1682 666 1718 quam
714 1669 880 1718 legimus
931 1670 1022 1710 A6.
1049 1679 1116 1715 14:
1155 1680 1287 1716 ,quem
1336 1668 1463 1705 solum
1513 1668 1660 1706 habere
1693 1669 1896 1707 metuebat

330 1743 529 1780 aemulum
562 1741 654 1779 artis
687 1742 821 1778 suae‘:
867 1741 1012 1778 etenim
1046 1740 1285 1790 scripserant
1317 1739 1373 1777 sic
1407 1739 1480 1778 soli
1506 1740 1682 1778 Catullus
1717 1742 1784 1788 64,
1815 1742 1893 1788 146

298 1862 303 1867 ς
329 1821 367 1852 et
390 1813 509 1852 Ovid.
536 1814 631 1850 Her.
664 1826 726 1861 19,
754 1814 851 1861 185;
886 1814 947 1856 16,
973 1815 1066 1861 285.
1594 1855 1597 1857 Α

471 1883 649 1922 offendit
669 1896 801 1933 porrO,
837 1884 904 1920 ubi
941 1886 1017 1928 ‚ut‘
1052 1884 1113 1921 vel
1151 1883 1335 1932 ,quin‘
1371 1890 1640 1933 expectamus,
1681 1884 1896 1923 infinitivus

330 1963 419 2005 post
470 1956 632 1993 verbum
689 1955 1020 2001 ,suadendi‘
1067 1963 1185 2004 atque
1219 1963 1307 2005 post
1352 1968 1476 2000 ,non
1517 1955 1742 1993 dubium
1785 1960 1894 1995 est‘.

333 2029 425 2064 Hoc
460 2027 584 2064 habes
618 2028 652 2064 A
668 2037 830 2076 3,537:
867 2028 1014 2075 ,Quem
1050 2027 1302 2076 auguriorum
1337 2027 1503 2076 peritum
1553 2027 1672 2066 fuisse
1714 2041 1795 2066 non
1828 2029 1896 2067 du-

331 2099 439 2136 bium
487 2090 647 2148 est‘:²⁸)
695 2099 791 2136 illud
847 2100 1036 2149 scripturn
1087 2106 1144 2138 est
1196 2113 1219 2137 a
1257 2099 1436 2149 pleniore
1485 2099 1622 2137 Servio
1666 2101 1701 2137 A
1731 2101 1768 2146 8,
1791 2111 1894 2150 345:

334 2169 426 2215 ‚Alii
473 2170 583 2218 quod
637 2170 809 2219 Argillus
864 2178 1023 2209 senator
1078 2179 1167 2221 post
1223 2171 1437 2209 Cannense
1489 2170 1684 2220 proelium
1732 2171 1899 2209 suaserit

333 2254 355 2278 a
388 2241 530 2278 Poenis
578 2254 718 2290 pacem
752 2243 970 2291 postulari‘,
1005 2274 1010 2280 .
1045 2274 1051 2280 .
1085 2250 1124 2281 et
1176 2244 1208 2280 A
1241 2256 1303 2288 11,
1326 2252 1432 2291 343:
1479 2255 1597 2291 ,quae
1640 2255 1781 2292 pacem
1813 2243 1898 2281 fieri

336 2312 559 2350 suadeant‘.

479 2383 646 2421 Minime
691 2383 767 2421 sibi
815 2385 1024 2422 constabat
1058 2385 1215 2423 Servius
1264 2386 1419 2435 plenior
1452 2386 1491 2423 in
1531 2385 1745 2424 scribenda
1776 2387 1899 2426 adno—

334 2454 483 2492 tatione
518 2455 569 2492 ad
602 2456 638 2491 A
669 2468 702 2499 1,
726 2456 801 2504 63:
945 2469 1038 2501 ,non
1063 2469 1151 2494 cum
1186 2457 1385 2495 iuberetur
1418 2470 1505 2495 eum
1540 2457 1617 2495 hoc
1650 2458 1794 2504 facere,
1827 2459 1899 2498 sed

335 2525 389 2563 ita
433 2525 719 2571 administrare,
754 2533 793 2564 ut
842 2527 959 2564 etiam
1008 2527 1133 2564 iussus
1167 2533 1276 2574 erat‘,
1418 2541 1497 2577 quo
1530 2529 1621 2566 loco
1654 2541 1744 2566 cum
1776 2530 1899 2568 verbo

338 2598 410 2646 ,iu
426 2598 450 2634 b
466 2610 486 2635 e
503 2610 520 2634 r
534 2597 563 2634 i‘
584 2604 621 2635 et
635 2597 923 2636 nominativum
948 2605 984 2636 et
1003 2599 1271 2636 accusativum
1291 2612 1379 2637 cum
1398 2599 1594 2637 infinitivo
1612 2599 1828 2640 coniunxit.
1845 2597 1900 2656 ²⁹)

480 2759 525 2802 ²⁵)
554 2761 686 2799 Archiv,
719 2762 779 2799 III,
810 2773 841 2803 p.
875 2771 950 2803 192.

480 2819 520 2865 ²⁴³)
549 2821 683 2859 Archiv,
714 2823 775 2866 ΙΙΙ7
804 2833 838 2864 p.
872 2823 948 2862 196.

481 2879 522 2921 27)
550 2881 591 2917 cf,
619 2882 768 2923 Draeger
793 2883 850 2919 IV,
882 2894 914 2924 p,
943 2885 1020 2923 236,
1054 2883 1132 2923 238,
1165 2883 1245 2923 388.

483 2939 524 2981 ²⁸)
554 2941 606 2972 De
627 2941 744 2972 eadem
773 2943 1015 2974 constructione
1043 2942 1144 2974 fusius
1163 2943 1233 2986 egit
1254 2943 1379 2981 Keller,
1401 2943 1454 2986 qui
1471 2954 1543 2974 eam
1572 2943 1659 2984 apud
1679 2943 1901 2975 Claudianum

340 3000 537 3031 Mamertum
565 3005 691 3031 tantum
718 3006 828 3032 extare
855 3002 945 3039 dicit,
978 3013 1055 3043 pag.
1087 3011 1131 3043 30
1155 3008 1185 3032 et
1202 3009 1258 3043 35.

483 3057 527 3101 ²⁹)
553 3059 595 3090 cf.
624 3059 837 3101 Tschiassny,
864 3072 940 3102 pag.
973 3068 1029 3101 27.
