2023 3543
940 212 1234 248 „40ss

311 353 383 378 non
427 343 636 386 atrmuque,
681 336 748 374 sed
785 334 1008 372 allatarum
1042 331 1141 380 ficri
1173 333 1326 379 poterat
1365 327 1470 377 quod
1495 325 1766 365 suadebaturfi.
1788 357 1795 365 .
1818 358 1824 365 .
1847 331 1872 365 .‘

310 414 344 449 A
370 424 407 460 3,
448 423 547 458 113:
598 409 750 453 ,Postea
784 406 1062 455 Hippomenes
1095 403 1296 440 Venerem
1342 406 1382 438 ut
1427 400 1502 438 sibi
1535 401 1575 437 in
1606 413 1646 437 eo
1676 400 1874 436 certamine

312 483 468 520 adesset
499 479 677 529 rogavit:
720 491 742 516 a
776 490 854 527 qua
886 488 975 512 cuni
1010 474 1232 522 accepisset
1265 473 1315 510 de
1349 472 1464 509 horto
1498 471 1769 521 Hesperidum
1800 470 1872 508 tria

312 554 416 591 mala
450 565 579 594 aurea,
616 548 848 599 provocavit
881 547 1054 596 puellam
1089 545 1140 582 ad
1164 557 1321 581 cursum
1355 551 1393 581 et
1425 555 1505 580 cam
1537 556 1574 581 se
1604 543 1744 580 videret
1762 549 1900 592 passe-

310 625 485 673 supetm‘i
523 622 678 670 singula
722 619 853 668 coepit
898 619 1054 655 iacere‘.
1121 617 1156 653 A
1181 629 1219 662 4,
1258 627 1332 664 73:
1385 613 1601 666 ,Dictaeos}
1647 615 1870 653 Cretenses.

313 697 459 734 Cervae
492 695 719 731 vulneratae
752 691 997 729 dictamnum
1034 694 1228 737 quaerunt
1259 701 1335 736 qua
1363 692 1519 735 gustata
1540 687 1629 736 fere
1659 687 1875 724 vulneribus

311 768 381 805 tela
425 766 607 815 depellant
649 771 689 801 ut
733 763 773 800 in
818 760 1061 800 duodecimo
1106 759 1273 809 legimus
1316 771 1409 804 ,non
1444 759 1512 796 illa
1544 758 1635 797 feris
1669 759 1875 809 incognita

313 838 441 888 capris
473 837 679 887 gramina‘.

454 907 730 946 Necessarium
766 918 894 955 paene
927 905 1096 950 videtur,
1131 910 1488 942 commentatorem
1510 902 1629 941 nobis
1663 903 1875 941 ostendere

313 995 390 1031 qua
422 982 472 1020 de
505 993 624 1018 causa
655 980 882 1016 vulneratae
915 990 1056 1015 cervae
1089 984 1283 1025 quaerant
1307 989 1352 1013 ea
1373 975 1575 1025 gramina:
1610 975 1876 1022 omisit-haee

312 1053 484 1097 brevior,
519 1053 638 1090 habet
669 1051 824 1101 plenior
858 1050 1028 1088 Servius.

454 1126 488 1161 A
513 1127 550 1169 6,
587 1136 695 1172 474:
732 1122 981 1172 ,Respondet
1014 1119 1129 1171 curisl
1167 1127 1232 1158 aut
1265 1120 1350 1170 pari
1385 1133 1471 1158 eain
1495 1119 1624 1168 diligit
1647 1119 1876 1158 adfectione

313 1198 356 1234 id
392 1202 445 1234 est
486 1201 630 1233 tantum
673 1200 782 1232 amal
823 1200 1006 1243 qmmlam
1049 1199 1201 1231 amams
1232 1198 1286 1229 csl
1318 1215 1369 1219 -ν-
1405 1192 1515 1241 quod
1549 1192 1587 1229 in
1622 1193 1762 1230 Aenea
1793 1205 1876 1230 non

314 1269 389 1306 fuit:
425 1269 493 1317 (μή
525 1268 614 1316 plus
655 1272 805 1304 amatas
849 1272 903 1304 est
941 1271 975 1303 et
1009 1270 1198 1303 amantem
1232 1266 1393 1307 descruit
1426 1287 1478 1291 ——
1514 1271 1553 1302 ut
1586 1264 1788 1314 expressio
1821 1265 1877 1303 rei

1460 1340 1468 1355 Ι

314 1352 430 1389 supra
461 1339 593 1376 <lictae
626 1338 675 1376 sit
709 1344 948 1386 ,aequatque
981 1337 1183 1386 Sychaeus
1217 1349 1452 1374 amorem..

456 1424 488 1459 A
516 1435 551 1470 7,
591 1434 694 1469 209:
732 1419 921 1471 ,Corythil
958 1420 1151 1470 oppidum
1187 1427 1224 1458 et
1256 1433 1371 1457 mons
1405 1420 1514 1458 (licta
1536 1433 1560 1458 a
1582 1432 1674 1469 rege
1703 1420 1876 1469 Coaesslzo,

315 1500 357 1532 ut
377 1499 543 1544 pulalltr
574 1507 599 1530 a
632 1493 855 1542 quibasdam
889 1499 1000 1542 patre
1034 1491 1228 1537 Dardani,
1262 1493 1315 1528 ibi
1343 1492 1507 1541 stpullo‘.

457 1579 487 1615 A
515 1579 552 1623 8,
589 1579 689 1615 681:
741 1577 939 1625 ,Aperitur
972 1576 1117 1614 vertice
1149 1574 1271 1626 sidusl
1309 1581 1470 1625 apparel
1499 1576 1607 1613 sidus
1641 1575 1680 1613 in
1717 1575 1877 1622 vertice,

319 1651 395 1686 hoc
428 1657 485 1687 est
519 1662 635 1698 super
675 1649 843 1697 galeam.
911 1648 1012 1685 Nam
1063 1660 1109 1685 ex
1162 1661 1242 1697 quo
1283 1656 1463 1697 tempore
1507 1661 1576 1697 per
1620 1647 1727 1686 ‹liern
1767 1648 1881 1686 stella

316 1722 397 1759 visa
430 1728 499 1765 est,
533 1721 626 1758 dum
660 1720 949 1758 sacrificaretur
980 1719 1127 1757 Veneri
1161 1720 1351 1768 genetrici
1386 1728 1423 1758 et
1456 1720 1537 1758 ludi
1573 1720 1758 1758 funebres
1783 1719 1878 1758 Cae-

316 1793 391 1830 sari
421 1793 708 1835 exhiberentur,
735 1797 809 1840 pet·
839 1791 1005 1828 lm'dumn
1038 1792 1142 1828 stella
1175 1792 1359 1840 apparui!
1388 1793 1427 1828 sn
1452 1793 1703 1840 scpteulm'cmc.
1754 1791 1879 1839 Quod
1923 1783 1926 1786 ,

317 1865 424 1902 sidus
453 1865 627 1901 Caesaris
659 1871 835 1913 putatum
870 1871 927 1901 est
952 1864 1132 1912 Augusto
1156 1863 1433 1912 persuadente,
1463 1877 1552 1900 nam
1584 1864 1663 1900 idco
1683 1851 1881 1915 Augustus

316 1937 483 1973 (nullibus
527 1937 661 1973 slalm's
692 1948 788 1984 quas
820 1936 1014 1972 divinitati
1050 1936 1227 1972 Caesaris
1258 1936 1401 1977 slalm'l,
1433 1936 1533 1972 lianc
1561 1936 1704 1973 stellam
1736 1936 1878 1983 adiecit.

297 2024 299 2026 ·
321 2009 402 2056 lpse
429 2021 513 2044 Pero
535 2008 728 2055 Augaza-las
762 2007 800 2044 in
834 2007 1027 2045 honorem
1051 2007 1172 2056 patris
1195 2008 1347 2044 stellam
1373 2007 1411 2044 in
1435 2008 1553 2055 galea
1575 2008 1708 2056 coepit
1731 2007 1880 2045 habere

319 2079 549 2128 depictam‘.
615 2079 807 2116 Concedo
853 2078 1044 2116 brevioris
1079 2079 1202 2117 Servii
1242 2079 1363 2116 verba
1397 2080 1483 2116 sola
1525 2092 1595 2129 per
1628 2093 1670 2118 se
1704 2079 1880 2129 intellegi

320 2163 455 2199 posse:
491 2150 752 2199 quaesiverim
785 2158 929 2195 autem,
964 2164 1057 2188 num
1092 2151 1303 2200 quisquam
1327 2151 1402 2188 sibi
1426 2151 1676 2200 persuaserit,
1711 2151 1879 2201 imperio

319 2222 504 2258 Romano
537 2222 689 2270 pridem
724 2223 926 2259 destructo
960 2219 1135 2271 fuisse-‘³²53
1168 2231 1246 2260 tam
1283 2223 1476 2261 eruditum
1510 2223 1715 2261 hominem
1749 2223 1817 2272 qui
1858 2235 1880 2261 e

298 2284 448 2336 'sensu,
483 2305 503 2330 e
536 2300 722 2330 contextu
756 2294 957 2343 scriptoris
991 2295 1163 2344 singulas
1196 2295 1410 2332 sententias
1433 2302 1552 2344 atque
1577 2295 1880 2333 adnotationem

320 2370 441 2401 totam
485 2364 746 2413 amplificaret
789 2373 907 2414 atque
951 2366 990 2403 id
1035 2380 1115 2404 non
1160 2374 1240 2404 tani
1274 2380 1320 2404 ea
1354 2367 1519 2411 ratione,
1563 2374 1604 2404 ut
1636 2379 1879 2416 supervacua

321 2443 357 2472 et
390 2435 524 2472 inania
558 2436 723 2473 adderet
758 2449 879 2485 quarn
913 2438 966 2475 ita
999 2445 1037 2475 ut
1071 2439 1262 2476 brevioris
1297 2438 1421 2476 Servii
1457 2438 1578 2476 verba
1613 2439 1733 2487 etiam
1765 2438 1879 2476 novis

320 2507 437 2544 rebus
471 2514 590 2555 atque
622 2508 720 2545 locis
753 2510 952 2550 firmaret?

463 2580 497 2615 A
522 2592 559 2627 c),
595 2591 701 2628 415:
744 2581 899 2625 ,Telum
939 2582 1112 2620 librabat
1145 2583 1196 2620 ab
1237 2581 1343 2633 aure]
1391 2589 1524 2632 gestus
1566 2579 1774 2620 iaculantis
1817 2595 1878 2620 ex-

322 2649 524 2697 primitur:
579 2651 717 2688 duabus
765 2657 887 2689 ‹zulcm
932 2655 1127 2699 gz'tlc‘rilms
1175 2655 1377 2691 mamtalia
1424 2654 1496 2691 tela
1545 2655 1766 2699 midunium·
1813 2660 1880 2691 aut

323 2720 427 2757 enim
462 2721 512 2758 ab
546 2734 649 2765 aure,
686 2730 752 2759 aut
786 2736 808 2760 a
841 2724 962 2762 latere
994 2726 1071 2763 tela
1103 2726 1324 2764 iaciuntur‘.
1389 2726 1492 2763 Illud
1525 2733 1606 2770 ,aut
1638 2725 1757 2763 enim‘
1799 2726 1879 2774 ple-

323 2792 445 2829 nioris
480 2793 604 2830 Servii
636 2794 766 2832 verbis
800 2795 1042 2845 interpositis
1077 2798 1201 2835 multo
1224 2797 1367 2835 rectius
1390 2797 1545 2835 videtur
1567 2797 1755 2846 scriptum
1779 2810 1876 2836 esse.
1935 2782 1937 2784 Ι

466 3001 507 3047 ³⁵)
537 3003 580 3034 cf.
609 3005 724 3049 Thilo,
754 3017 831 3048 pag.
859 3007 997 3044 LXVII,
