2023 3543
984 217 1041 224 -
1108 192 1158 233 26
1225 213 1279 221 *-

494 332 528 369 A
558 345 590 375 1,
630 333 727 368 281:
765 327 956 374 ,Consilia
988 327 1026 364 in
1061 326 1199 364 melius
1233 322 1384 376 referet]
1412 325 1470 372 εἰς
1504 321 1552 364 τὸ
1586 332 1791 377 κρεῖττον.
1854 322 1914 362 Et

353 410 405 441 ess
434 405 609 440 Latinior
647 402 813 439 clai-usia:
847 400 1048 437 Sallustsus
1080 398 1151 443 ,ml
1176 397 1396 435 mutandum
1429 396 1534 433 modo
1565 396 1605 433 in
1637 395 1767 433 melias
1796 397 1908 433 servi-

353 477 486 512 lium‘:
530 474 622 523 quia
667 473 773 510 bello
819 471 969 508 Punico
1014 469 1191 508 secundo
1239 475 1279 506 ut
1322 467 1375 505 ait
1413 467 1564 505 Ennius
1608 467 1768 516 placata
1804 468 1908 517 Juno

354 546 484 596 coepit
517 547 646 583 favere
679 542 899 582 Romanis.‘

494 629 617 666 Caute
653 627 750 665 dixit
774 626 892 664 Thilo
927 626 1031 663 hunc
1064 626 1195 662 locum
1230 624 1332 661 male
1367 622 1590 672 expositum
1624 635 1710 661 esse
1742 622 1908 668 ‚Cassel-

353 702 445 739 lano
479 700 509 737 si
543 699 765 736 eredimus‘.
828 699 871 735 In
896 697 1075 734 breviore
1099 696 1203 734 enim
1228 694 1516 733 commentario
1540 694 1762 743 argumenti
1794 695 1909 733 inter-

352 772 611 821 pretationem
645 771 850 814 habemus,
892 769 931 806 in
971 768 1149 818 pleniore
1181 774 1311 805 autem
1354 774 1391 805 et
1424 767 1528 805 hanc
1561 767 1728 817 legimus
1760 773 1798 805 et
1830 767 1908 805 elo-

353 843 520 880 cutionis
554 841 857 891 explicationem
898 852 1028 889 neque
1071 853 1138 878 eas
1185 839 1279 877 satis
1324 846 1429 876 certe
1473 838 1704 878 disiunctas,
1768 839 1908 888 Itaque

352 915 430 952 veri
464 913 702 951 simillimum
728 919 785 950 est
819 912 858 950 id
879 912 1014 949 vitium
1039 911 1237 956 codicum,
1263 924 1344 949 non
1369 911 1604 961 scriptorum
1638 924 1736 949 esse.
1801 912 1908 961 Ergo

352 998 512 1023 necesse
545 992 601 1022 est
634 997 712 1021 non
748 992 824 1021 tam
858 996 947 1020 cum
971 983 1143 1021 Thilone
1166 985 1351 1021 lemmate
1375 983 1515 1021 iterato
1539 983 1661 1021 verba
1683 983 1905 1021 Serviorum

351 1069 611 1105 segregemus,
646 1068 762 1104 quam
786 1054 1058 1093 coniunctioni
1083 1055 1206 1104 ‚quia‘
1240 1055 1392 1104 aliquid
1415 1055 1520 1093 velut
1555 1061 1689 1104 ,atque
1712 1055 1767 1093 id‘
1801 1062 1907 1094 ante-

352 1124 595 1180 ponamus¹).

492 1213 526 1248 A
556 1224 588 1255 1,
626 1212 727 1259 562:
772 1210 935 1255 ,Solvite
968 1209 1089 1247 corde
1130 1217 1277 1247 metum
1310 1208 1468 1261 Teucri]
1505 1210 1605 1248 sicut
1645 1223 1762 1260 supra
1798 1211 1907 1260 Jovis

351 1283 489 1327 oratio,
523 1279 688 1331 *partim
723 1281 879 1319 obiecta
911 1278 1076 1331 purgat&
1108 1281 1250 1331 partim
1281 1282 1404 1331 petita
1437 1281 1642 1332 promittit,
1676 1295 1766 1319 mim
1793 1287 1828 1320 ct
1867 1284 1908 1320 in

352 1355 458 1391 Aeoli
485 1355 656 1391 oratioue
687 1355 812 1390 ssalz'm
836 1354 1033 1402 promittit.
1099 1353 1312 1391 Sciendum
1346 1366 1440 1391 sane
1474 1353 1568 1402 quia
1601 1366 1689 1391 cum
1723 1361 1909 1404 petuntur

350 1426 408 1462 vel
444 1425 718 1474 promittuntur
754 1425 901 1473 aliqua,
948 1438 970 1463 a
1018 1425 1270 1463 validissimis
1321 1425 1591 1463 inchoandum
1633 1433 1704 1472 est,
1748 1433 1788 1464 ut
1829 1427 1906 1465 hoc

352 1498 454 1533 loco.
520 1497 721 1546 Praecipue
751 1498 820 1545 qm*
829 1497 1025 1545 pollicetur
1054 1498 1179 1534 statim
1212 1498 1312 1534 debr!
1322 1499 1552 1547 pranziltere,
1584 1502 1671 1534 tmec
1689 1499 1909 1547 subiungere

350 1570 385 1605 si
402 1581 478 1616 qim
501 1568 591 1613 vult,
617 1581 660 1605 lle
681 1569 923 1617 capeclatl'one
953 1575 1150 1618 suspensus
1181 1569 1391 1607 detineatur
1420 1570 1583 1608 (naliter.
1630 1571 1677 1608 Et
1700 1577 1758 1608 est
1780 1583 1906 1619 genus

349 1639 567 1688 argumenti
601 1653 623 1677 a
655 1640 906 1678 necessario‘.

491 1724 589 1760 Cum
622 1723 793 1761 Thilone
826 1724 1095 1762 consentimus
1128 1725 1225 1763 illud
1264 1725 1453 1774 plenioris
1487 1726 1608 1764 Servii
1655 1739 1763 1772 ‚nam
1796 1734 1834 1765 ct
1866 1727 1905 1765 in

352 1794 461 1831 Aeoli
497 1794 673 1832 oratione
706 1795 835 1832 statim
870 1796 1073 1845 promittit‘
1110 1803 1198 1845 post
1245 1796 1437 1834 brevioris
1474 1797 1707 1847 ‚promittit‘,
1758 1798 1790 1836 si
1824 1811 1905 1837 non

350 1865 507 1914 ,inepte‘
542 1873 579 1903 at
612 1874 715 1904 certe
749 1880 990 1916 supervacue
1024 1867 1210 1905 insertum
1244 1881 1341 1906 esse.

490 1951 628 1998 Itaque
661 1963 708 1987 ea
754 1950 934 1999 pleniora
982 1951 1103 1989 verba
1136 1965 1158 1989 a
1190 1951 1274 1989 viro
1324 1953 1446 1991 docto
1489 1961 1759 2004 segregantur.
1825 1956 1905 1994 Sed

350 2020 424 2056 hoc
460 2021 674 2058 remedium
708 2022 824 2070 plane
859 2022 1102 2060 reiciendum
1136 2031 1205 2061 est.
1272 2025 1372 2062 Nam
1397 2025 1428 2062 si
1453 2026 1573 2063 verba
1603 2026 1670 2064 illa
1702 2034 1904 2076 tamquam

350 2079 560 2117 subditicia
605 2081 756 2118 seclusa
802 2082 887 2118 aliis
933 2082 1178 2131 plenioribus
1225 2084 1385 2121 scholiis
1431 2086 1663 2135 ,Praecipue
1696 2087 1797 2136 qui.

350 2150 515 2187 auditor‘
561 2164 648 2188 cum
694 2152 865 2190 'Philone
899 2153 1116 2191 adiecimus
1162 2167 1336 2193 conexus
1381 2156 1580 2195 divellitur
1624 2157 1690 2207 qui
1731 2158 1904 2208 optimus

351 2228 445 2258 erat.
510 2224 560 2259 At
593 2229 695 2259 totus
728 2223 792 2261 ille
824 2225 935 2261 locus
968 2233 1173 2275 corruptus
1196 2227 1440 2276 plenioribus
1473 2229 1582 2267 libris
1616 2230 1667 2268 ad
1700 2230 1777 2268 hoc
1809 2237 1903 2269 teni-

351 2305 422 2340 pus
456 2294 654 2341 pervenit:
704 2295 834 2333 omisit
879 2296 983 2334 enim
1024 2298 1179 2346 plenior
1211 2299 1367 2337 Servius
1401 2301 1522 2339 verba
1557 2301 1710 2351 ,partim
1745 2302 1904 2340 obiecta

351 2370 502 2412 purgat‘
538 2372 578 2401 ut
611 2365 649 2402 in
682 2366 757 2403 hoc
781 2369 1066 2406 commentario
1100 2371 1270 2418 Jpartim‘
1303 2384 1382 2408 non
1409 2372 1519 2410 alteri
1553 2373 1772 2422 particulae
1803 2387 1902 2424 ,par-

352 2434 433 2470 tim‘
471 2436 541 2472 sed
576 2437 662 2473 voci
700 2438 854 2481 ,statim‘
890 2441 1140 2488 respondeat.
1206 2442 1380 2491 Dubium
1415 2443 1531 2493 igitur
1564 2451 1634 2490 est,
1669 2457 1763 2482 num
1798 2451 1904 2483 recte

350 2506 425 2542 hoc
458 2507 547 2543 loco
583 2508 700 2545 'l'liilo
734 2512 1019 2559 transponendi
1054 2513 1221 2551 artificio
1255 2527 1345 2552 usus
1379 2515 1439 2553 sit.
1505 2516 1622 2554 Certe
1660 2529 1742 2554 non
1784 2516 1901 2555 debe-

352 2577 418 2613 bat
454 2578 640 2626 plenioris
666 2581 788 2617 Servii
814 2583 935 2619 verba
968 2596 1069 2631 quae
1103 2585 1152 2622 ad
1187 2586 1467 2624 antecedentia
1498 2587 1682 2625 breviora
1705 2588 1903 2636 quadrant

355 2649 575 2698 .praecipue
623 2651 688 2698 qui
715 2682 720 2688 .
749 2682 754 2689 .
781 2653 949 2690 auditor‘
992 2656 1101 2692 nulla
1133 2669 1252 2695 causa
1283 2658 1438 2706 prolata
1469 2671 1678 2708 segregare
1710 2659 1902 2697 adverbio

352 2719 588 2769 ‚praecipue‘
619 2722 762 2761 deleto.

495 2928 518 2970 ¹)
548 2932 573 2961 Λ
600 2941 625 2967 ι,
660 2940 722 2974 545
752 2935 846 2965 valde
873 2943 1041 2977 corruptus
1080 2945 1127 2970 est
1160 2939 1251 2970 locus
1278 2951 1384 2981 neque
1422 2941 1598 2983 quicquam
1637 2942 1715 2974 certi
1756 2943 1798 2975 de
1837 2943 1902 2975 hac

353 2999 382 3019 re
410 2989 472 3021 uici
503 2996 630 3030 postest
658 2992 688 3023 in
716 3005 779 3036 qua
805 3005 845 3025 ne
873 2996 972 3026 Thilo
998 2997 1131 3038 quidem
1160 2999 1215 3030 diu
1242 3005 1399 3034 versatur.

2021 322 2023 379 l
