2023 3543
159 312 365 357 ,incendia
396 310 504 363 belli]
551 312 592 351 id
624 321 683 352 est
710 313 809 361 vim3

67 395 223 433 semper
244 384 349 421 enim
372 384 521 423 diluvio
555 391 593 423 et
621 384 809 422 incendio

66 462 260 504 conparat
282 455 441 502 bellum,
478 463 518 494 ut
545 459 595 497 ,in
633 463 808 505 segetem

66 526 185 564 veluti
237 539 327 564 cum
380 528 540 565 flamma
591 526 808 565 furentibus

65 598 218 636 austris‘
266 598 407 637 incidit
429 608 495 637 aut
517 599 678 649 rapidus
701 612 810 637 mon-

66 677 161 708 tano
192 671 346 720 gurgite
378 676 557 709 torrens.‘

822 192 870 233 23

974 315 1161 360 ‚Inccndia
1207 314 1312 364 belli]
1356 321 1425 354 aut
1451 317 1623 354 ardorem

881 387 1094 436 sz'nq‘tlz'cder
1128 388 1221 432 belli,
1245 389 1356 436 ‘quia
1394 395 1535 438 senirpcr
1571 389 1623 426 ‹ii-

881 459 981 495 luw‘o
1011 464 1046 495 cl
1074 459 1236 496 incendio
1261 465 1296 496 ct
1319 461 1522 508 tempestati
1547 472 1623 497 con-

872 534 998 578 parat
1024 530 1169 575 bellum,
1202 535 1245 566 ut
1287 532 1340 575 ‚in
1371 536 1518 577 segetem
1556 562 1563 568 .
1585 562 1592 568 .
1615 562 1622 569 .

1503 602 1624 650 cjffusa

883 671 1045 720 slsflenis
1067 677 1256 722 tempestas
1282 674 1378 710 l'cm'l‘
1388 687 1399 710 .·
1424 678 1494 710 aut
1508 678 1629 723 polest

883 605 1040 638 tm‘rens‘
1084 606 1120 637 et
1177 601 1270 638 alibi
1310 603 1443 646 ‚saevis

881 743 1050 780 subtilius
1069 743 1202 780 dictum
1225 745 1349 793 accipi,
1380 744 1483 793 quod
1509 745 1624 781 Ilium

881 814 1134 862 conflagravit
1162 815 1352 853 incendio!

209 885 363 922 Tamen
395 898 446 923 ne
483 885 771 923 concludamus
803 884 1021 934 pleniorem
1058 886 1383 924 commentarium
1416 886 1467 924 ad
1500 886 1623 923 incor-

65 962 218 1005 ruptam
252 956 430 994 Serviani
479 957 608 1005 operis
656 955 919 1005 integritatem
956 956 1117 1005 propius
1165 957 1356 995 accedere
1388 970 1506 1006 quam
1540 958 1622 995 bre-

65 1027 228 1073 viorem,
263 1034 398 1065 monet
420 1026 478 1064 vir
509 1027 664 1065 doctus.
729 1027 856 1065 Certis
881 1027 986 1065 enim
1007 1028 1246 1076 argumentis
1279 1029 1406 1066 evinci
1439 1042 1556 1078 posse
1589 1029 1624 1067 ei

69 1098 135 1148 qui
168 1098 391 1148 pleniorem
414 1098 744 1137 commentarium
767 1099 1034 1148 composuerit
1066 1106 1220 1148 praeter
1242 1100 1430 1138 Serviana
1459 1100 1624 1138 aliorum

65 1182 283 1219 eorumque
325 1169 572 1219 superiorum
615 1170 964 1219 grammaticorum
1010 1170 1162 1208 scholia
1209 1171 1260 1208 ad
1299 1183 1458 1209 manum
1493 1171 1621 1209 fuisse.

67 1241 220 1279 Eadem
252 1241 370 1290 igitur
402 1240 683 1290 probabilitate
725 1241 800 1278 illis
841 1241 939 1279 locis
971 1243 1132 1291 vulgata
1164 1242 1312 1287 Servio,
1357 1243 1537 1292 pleniora
1569 1243 1624 1280 eis

63 1311 182 1350 tribui
214 1324 382 1361 quorum
414 1312 568 1350 scholia
599 1313 683 1362 ipse
717 1312 873 1350 Servius
906 1313 1168 1363 exscripserit.

207 1384 375 1422 Constat
413 1384 528 1433 igitur
566 1384 764 1433 pleniores
803 1384 938 1428 libros,
973 1384 1044 1422 etsi
1085 1397 1167 1422 non
1201 1385 1251 1423 ad
1291 1385 1412 1434 ipsius
1446 1385 1624 1423 Serviani

66 1455 212 1505 operis,
257 1462 297 1493 ut
329 1455 382 1493 ait
415 1455 548 1503 Thilo,
595 1463 726 1493 tamen
762 1455 812 1493 ad
846 1455 1025 1493 Serviani
1068 1456 1186 1493 sontis
1230 1456 1496 1506 incorruptam
1531 1456 1624 1493 inte-

63 1527 245 1576 gritatem
263 1527 426 1576 propius
460 1527 707 1565 brevioribus
741 1527 944 1565 accedere.

1012 1527 1134 1575 Quod
1152 1527 1191 1564 in
1209 1527 1344 1576 primis
1384 1535 1546 1577 apparet
1578 1539 1624 1565 ex

33 1611 36 1613 ’
66 1611 115 1637 eo
146 1599 238 1636 loco
271 1599 323 1636 ad
356 1611 475 1647 quem
507 1598 614 1636 idem
646 1598 704 1635 vir
735 1598 876 1636 doctus
909 1611 982 1636 nos
1015 1606 1202 1639 revocat:

95 1683 129 1719 A
138 1695 156 1719 2
166 1683 231 1731 ,63
242 1695 260 1719 2
278 1695 286 1722 :
307 1683 380 1727 ‚Ac
389 1682 559 1720 ducente
571 1681 661 1734 deo]
674 1695 809 1720 secun-

66 1754 160 1791 dum
170 1766 239 1791 eos
251 1753 472 1802 quidicunt,
484 1753 683 1803 utriusque
695 1765 809 1791 sexus

66 1824 413 1874 participationem
445 1825 591 1863 habere
632 1825 807 1863 numina.

66 1897 170 1934 Nam
217 1895 272 1934 ait
320 1896 466 1934 Calvus
501 1897 811 1946 ‚pollentemque

68 1967 186 2006 deum
219 1968 446 2005 Venerem.‘
481 1969 579 2005 Item
613 1968 811 2017 Vergilius

68 2052 158 2085 ,nec
195 2039 358 2077 dextrae
380 2038 524 2077 erranti
563 2039 659 2077 deus
688 2039 810 2084 afuit,‘

67 2123 157 2148 cum
190 2118 256 2148 aut
275 2112 384 2160 Juno
402 2110 528 2156 fuerit,
551 2119 617 2149 aut
640 2112 810 2149 Allecto.

67 2183 138 2220 Est
168 2182 288 2220 etiam
321 2182 361 2219 in
394 2183 526 2232 Cypro
560 2170 812 2220 simulacrum

67 2254 259 2292 barbatae
310 2254 504 2301 Veneris,
582 2260 729 2303 corpore
779 2259 816 2292 et

67 2331 161 2363 veste
205 2326 399 2371 muliebri,
461 2338 541 2363 cum
593 2330 730 2374 sceptro
782 2331 817 2362 et

67 2402 210 2434 natura
255 2398 378 2442 virili,
425 2398 528 2446 quod
565 2394 813 2451 Ἁφρόὸιτον

67 2474 210 2514 vocant,
244 2470 305 2506 cus'
332 2470 412 2506 viri
439 2470 478 2506 in
504 2474 598 2506 veste
628 2468 810 2513 muliebri,

68 2541 236 2578 mulieres
267 2541 307 2577 in
329 2541 435 2579 virili
459 2545 551 2577 veste
571 2539 810 2588 sacreficcmtf

974 1681 1154 1719 Macrob.
1181 1682 1259 1720 Sat.
1284 1683 1353 1725 III,
1392 1685 1428 1725 8.
1464 1696 1477 1719 1
1516 1696 1624 1732 sqq.:

885 1783 913 1798 ,.
944 1782 980 1791 ..
1015 1765 1104 1790 cum
1151 1753 1217 1791 ille
1263 1753 1491 1802 (Vergilius)
1535 1754 1625 1791 doc-

883 1824 1031 1862 tissime
1063 1823 1205 1862 dixerit
1227 1824 1396 1862 ducente
1419 1825 1509 1868 deo,
1545 1837 1625 1862 non

885 1896 971 1934 dea.
1021 1895 1123 1933 Nam
1158 1902 1196 1932 et
1218 1896 1324 1954 apud
1348 1896 1511 1933 Calvum
1536 1897 1626 1933 Ate>

885 1967 1017 2004 rianus
1050 1967 1233 2004 adfirmat
1270 1967 1481 2015 legendum
1531 1970 1625 2017 ,pol-

885 2039 1112 2087 lentemque
1144 2038 1262 2076 deum
1286 2039 1496 2077 Venerem‘
1545 2053 1625 2077 non

889 2110 1020 2148 deam.
1088 2160 1091 2161 ⁷

975 2181 1139 2230 Signum
1171 2181 1290 2218 etiam
1322 2181 1410 2219 eiusv
1426 2190 1484 2219 est
1508 2182 1626 2231 Cypri

886 2253 1095 2290 barbatum
1114 2265 1280 2301 corpore
1313 2252 1383 2290 sed
1401 2260 1506 2290 veste
1546 2266 1626 2290 mu-

885 2324 1013 2369 liebri,
1061 2336 1149 2361 cum
1195 2330 1350 2372 sceptro
1394 2336 1441 2361 ac
1488 2332 1628 2362 natura

885 2394 986 2432 virili
1019 2402 1057 2433 et
1088 2402 1225 2444 putant
1274 2395 1454 2439 ,eandem
1479 2408 1626 2433 marem

885 2480 932 2506 ac
955 2466 1154 2504 feminam‘
1199 2479 1296 2504 esse.
1340 2465 1627 2515 Aristophanes

885 2550 971 2575 eam
1008 2535 1270 2593 Ἀφρόδιτον
1292 2537 1465 2586 appellat
1486 2567 1492 2575 .
1515 2568 1522 2575 .
1545 2537 1627 2574 Phi-

883 2609 1068 2646 lochorus
1091 2620 1253 2657 quoque
1284 2608 1324 2646 in
1347 2608 1509 2646 Atthide
1540 2621 1627 2646 ean-

883 2680 974 2718 dem
1007 2680 1190 2717 adfirmat
1223 2692 1321 2724 ,esse
1368 2679 1502 2717 lunam
1533 2679 1626 2718 etei

882 2750 1117 2789 sacrificium
1184 2751 1314 2788 facere
1377 2750 1480 2788 viros
1538 2763 1628 2788 cum

880 2829 989 2860 veste
1020 2821 1216 2866 muliebri,
1239 2821 1421 2860 mulieres
1454 2834 1543 2859 cum
1576 2822 1627 2859 vi-

879 2893 955 2937 rili,
1002 2893 1111 2942 quod
1143 2892 1284 2931 eadem
1327 2900 1364 2930 et
1402 2905 1484 2930 mas
1517 2893 1628 2930 aesti-

881 2970 1008 3003 matur
1039 2971 1077 3002 et
1108 2963 1281 3002 femina.‘
