2023 3543
776 230 1069 269 *45-

147 347 280 386 multis
310 347 489 386 versibus
522 361 571 386 ne
605 361 722 387 unam
756 350 918 399 quidem
952 364 1090 389 vocem
1124 352 1341 398 adnotavit,
1376 353 1518 402 quibus
1552 355 1707 403 plenior

147 419 304 457 Servius
336 420 460 458 multa
491 427 610 469 atque
642 421 751 458 bona
783 419 1058 473 adscripsit⁴⁵).

289 503 570 552 Praeterquam
602 515 696 540 vero
720 504 829 552 quod
863 505 1018 553 plenior
1041 506 1196 543 Servius
1229 507 1350 544 multa
1383 508 1554 556 explicat
1588 516 1705 557 atque

147 574 322 624 exponit,
357 586 459 623 quae
491 574 648 612 brevior
680 576 866 625 neglegit,
902 576 1007 614 idem
1040 577 1135 614 nihil
1170 578 1338 615 affirmat
1371 578 1445 615 nisi
1478 580 1586 627 quod
1621 593 1705 629 pro-

146 645 216 683 bat
237 645 492 695 argumentis,
527 657 617 682 cum
650 646 840 683 brevioris
866 647 990 684 Servii
1023 648 1119 684 nihil
1153 649 1315 700 intersit,
1351 657 1476 687 utrum
1500 651 1705 688 confirmet

136 716 257 766 'quod
296 716 405 762 dicit,
453 728 528 754 nec
571 729 634 755 ne.
699 718 985 767 Comparemus
1031 719 1135 756 enim
1181 720 1281 757 haec
1314 722 1347 757 A
1374 734 1410 767 4,
1439 723 1513 769 69:
1550 721 1705 768 ,Qualis

146 788 331 827 coniecta
375 801 491 827 cerva
533 787 688 839 sagitta]
738 789 830 826 satis
873 802 1048 839 congrua
1093 791 1362 840 comparatio:
1412 793 1563 839 singula
1609 794 1704 829 em‘m

83 862 88 867 “
145 860 314 908 singultit,
353 871 500 898 cervam
531 859 693 903 Didoni,
738 862 913 907 sagittam
961 863 1095 906 amori,
1126 867 1316 910 passorem
1351 863 1509 908 Aetnae,
1554 876 1705 901 nemora

144 932 242 976 urbi,
275 933 384 969 ictum
414 931 557 968 letalem
589 932 715 968 amori
743 931 933 980 mortift'ro
963 934 1203 980 camparaw'l‘
1221 929 1279 981 ¹⁶),

288 1015 441 1053 Videor
485 1021 617 1052 autem
658 1014 755 1052 mihi
797 1015 873 1052 hoc
921 1015 1189 1064 disputatione
1228 1029 1314 1053 mea
1355 1017 1545 1066 probasse
1579 1030 1704 1056 errare

145 1100 214 1126 eos
247 1087 315 1137 qui
347 1087 536 1137 plenioris
569 1087 845 1125 commentarii
877 1094 1078 1125 auctorem
1119 1088 1199 1125 sive
1232 1088 1413 1126 doctrina
1444 1089 1524 1126 sive
1557 1089 1704 1127 iudicio

145 1159 228 1198 sive
259 1159 422 1210 ingenio
454 1159 635 1197 breviore
667 1159 862 1197 minorem
896 1171 981 1197 esse
1014 1159 1090 1196 sibi
1121 1167 1407 1208 persuaserunt.
1462 1162 1599 1210 Itaque
1622 1168 1705 1198 tota

145 1232 272 1270 forma
320 1239 440 1281 atque
487 1231 751 1281 dispositione
783 1231 961 1269 Serviani
1007 1231 1279 1268 commentarii
1323 1232 1542 1269 deliberata
1588 1240 1704 1281 atque

144 1316 343 1354 perpensa
383 1316 465 1341 non
498 1303 679 1353 cogimur
711 1303 891 1352 pleniora
924 1303 1006 1341 eius
1039 1303 1314 1340 commentarii
1346 1304 1467 1341 verba
1511 1303 1705 1341 additicia

145 1375 370 1414 breviorum
403 1375 564 1414 habere.
618 1376 703 1413 Iam
737 1375 852 1424 igitur
885 1374 1099 1423 quaeritur,
1134 1387 1225 1411 num
1259 1382 1391 1412 extent
1425 1387 1568 1412 causae
1600 1387 1704 1423 quae

144 1459 218 1486 nos
263 1447 490 1493 adducant,
536 1454 578 1484 ut
625 1447 790 1485 alterum
834 1447 1099 1495 antiquiorem
1145 1454 1261 1494 atque
1304 1446 1545 1495 superiorem
1586 1446 1705 1483 fuisse

144 1526 374 1557 statuamus

290 1591 384 1640 Qua
415 1591 456 1628 in
489 1591 767 1640 disquisitione
808 1591 920 1628 mitto
962 1590 1071 1638 quod
1112 1596 1227 1626 antea
1259 1588 1452 1638 explicavi
1484 1587 1703 1637 pleniorem

147 1663 325 1701 Servium
348 1664 516 1701 meliora
549 1666 723 1713 proferre
757 1670 875 1712 atque
899 1662 1125 1699 absolutum
1159 1669 1195 1698 et
1219 1661 1433 1709 perfectum
1459 1671 1558 1708 opus
1592 1671 1704 1708 expe-

119 1735 294 1785 ⁴tivisse,
329 1735 451 1773 immo
484 1747 577 1773 vero
610 1747 678 1772 eos
722 1735 833 1771 locos
872 1733 911 1770 in
947 1733 1178 1770 memoriam
1212 1732 1442 1780 redegerim,
1478 1730 1620 1779 quibus
1655 1729 1705 1766 vi-

147 1807 278 1845 dimus
331 1807 515 1857 pleniora
546 1819 636 1844 cum
676 1806 921 1844 brevioribus
954 1804 1147 1842 artissime
1181 1803 1393 1841 coniuncta
1427 1814 1524 1840 esse.
1590 1802 1705 1839 Com—

147 1879 378 1929 parantibus
411 1879 517 1917 enim
555 1878 672 1916 nobis
712 1877 900 1927 plenioris
934 1875 1058 1914 Servii
1089 1876 1209 1912 verba
1241 1887 1330 1911 cum
1364 1873 1553 1911 brevioris
1585 1873 1705 1910 adno-

147 1951 362 1988 tationibus
407 1957 620 1992 occurrunt
651 1950 851 1999 permulta
898 1948 958 1985 his
1005 1946 1238 1996 interposita
1278 1946 1339 1983 vel
1387 1945 1568 1994 apposita
1603 1956 1705 1993 quae

147 2024 272 2061 multo
299 2023 424 2061 artius
447 2035 568 2072 quam
603 2034 704 2071 quae
737 2034 854 2070 supra
879 2025 1189 2057 commemorata
1222 2025 1322 2063 sunt,
1358 2017 1456 2053 inter
1489 2028 1529 2053 se
1563 2016 1704 2052 cohae-

148 2097 234 2134 rent
278 2095 400 2144 idque
445 2103 524 2132 tam
567 2102 650 2132 arte
683 2101 723 2131 ut
756 2093 788 2130 si
821 2092 908 2141 quis
941 2090 1154 2140 dempserit
1187 2090 1253 2126 illa
1286 2087 1486 2137 plenioris,
1537 2087 1704 2124 futurum

148 2167 197 2204 sit
227 2173 269 2204 ut
300 2173 383 2204 tota
417 2166 606 2204 brevioris
640 2165 834 2215 expositio
869 2165 945 2201 iam
980 2175 1060 2200 non
1094 2162 1353 2209 intellegatur.

292 2250 414 2298 Quod
447 2250 501 2288 ita
533 2262 620 2288 esse
657 2249 826 2299 primum
860 2247 1051 2296 exemplis
1085 2245 1351 2287 ostendamus,
1387 2243 1533 2280 deinde
1566 2241 1704 2278 diiudi-

148 2334 284 2360 cemus
317 2323 385 2371 qui
417 2322 564 2360 factum
597 2321 658 2359 sit.
720 2321 806 2369 Jam
840 2319 1119 2368 perlustremus
1153 2315 1356 2364 exempla:

289 2408 326 2444 A
355 2419 388 2452 1,
417 2407 521 2454 267:
559 2436 588 2451 ,.
611 2435 618 2443 .
638 2406 688 2442 Et
721 2404 855 2442 occiso
889 2401 1088 2440 Mezentio
1121 2399 1336 2437 Ascanium
1369 2399 1462 2434 sicut
1480 2398 1522 2447 J.
1563 2396 1709 2433 Caesar

146 2479 272 2516 scribit
308 2463 436 2515 Iulum
469 2484 655 2526 coeptum
691 2475 836 2518 vocari,
878 2474 938 2513 vel
964 2473 1078 2522 quasi
1107 2469 1288 2519 ἰοβόλον,
1323 2469 1366 2505 id
1407 2474 1460 2505 cst
1502 2467 1710 2513 sugillamii

138 2551 319 2599 peritum,
351 2549 413 2586 vel
449 2562 473 2586 a
513 2549 642 2598 prima
686 2547 834 2585 barbae
876 2543 1064 2592 lanugine
1094 2555 1208 2590 quam
1241 2539 1382 2581 ἴουλον
1420 2539 1556 2576 Graec-2·
1584 2538 1710 2574 diam!

148 2633 251 2670 quae
284 2620 320 2659 ei
351 2627 531 2669 ternpore
562 2619 749 2656 victoriae
781 2616 1044 2655 nascebatur.‘
1096 2612 1187 2649 Sine
1221 2611 1298 2648 ullo
1332 2610 1455 2647 dubio
1489 2609 1554 2658 qui
1587 2609 1706 2656 scrip-

147 2693 197 2730 sit
240 2680 341 2729 illud
386 2692 501 2738 ,sicut
543 2692 577 2740 J.
628 2691 776 2728 Caesar
807 2687 954 2725 scribit‘
1001 2683 1253 2732 integriorem
1301 2681 1489 2718 orationis
1538 2680 1704 2716 formam

291 2788 334 2809 q

291 2903 334 2950 ⁴⁵)
360 2905 581 2937 Numerantur
604 2902 730 2936 circiter
753 2900 855 2933 mille.

290 2963 334 3008 ⁴¹⁶)
361 2965 403 2996 Ut
435 2976 452 2996 e
483 2975 606 3006 magno
642 2973 779 2994 numero
819 2957 1044 3000 exemplorum
1083 2966 1187 2998 pauca
1223 2965 1423 2997 enumerem,
1464 2952 1506 2984 cs.
1549 2961 1579 2989 2,
1612 2951 1699 2992 696,

147 3033 182 3070 4,
214 3024 269 3070 56,
299 3031 382 3066 359³
430 3024 463 3070 8,
493 3024 581 3063 6243
625 3032 659 3066 9,
694 3022 776 3059 116;
826 3029 877 3063 11,
912 3027 987 3057 144·
