2023 3543
941 213 1236 254 „23-

309 356 418 394 viora
451 367 554 405 quae
589 351 806 392 arctissime
839 349 1064 393 cohaerent,
1111 346 1381 395 seiunguntur.
1446 341 1590 390 Neque
1619 339 1768 378 infitior
1799 351 1868 389 op-

310 428 402 466 time
434 441 457 465 a
488 426 622 464 Servio
655 423 834 461 breviore
869 418 1138 469 ,Thymbraei‘
1180 429 1327 455 nomen
1361 414 1530 452 derivari
1564 426 1587 451 a
1618 413 1710 450 loco
1743 411 1868 460 thym-

310 500 380 537 bra
411 499 530 548 pleno
565 498 602 533 in
637 509 716 545 quo
750 492 947 543 Apollinis
980 491 1169 539 templum
1205 495 1274 526 est.
1339 485 1523 536 Amplius
1556 485 1663 523 idem
1695 483 1870 533 explicat

311 570 464 620 plenior
496 569 676 606 Servius:
712 564 932 612 veriloquio
965 561 1075 599 vocis
1105 557 1411 609 ‚Thymbraeus‘
1437 561 1752 595 commemorato
1784 554 1870 593 bre-

310 642 408 679 viter
441 641 549 684 dicit,
594 652 696 688 quae
737 637 785 674 sit
824 635 1018 684 thymbra,
1067 632 1214 670 deinde
1246 631 1350 669 bene
1383 629 1524 668 fecisse
1556 628 1676 666 docet
1708 633 1870 677 poetam

312 713 421 761 quod
457 715 612 749 Aeneas
659 710 775 748 deum
823 720 941 756 quem
989 704 1313 754 ‚Thymbraeum‘
1362 702 1400 739 in
1447 699 1728 738 illo-Troiano
1773 711 1870 748 agro

310 783 487 834 Apollini
519 795 630 820 sacro
664 781 852 824 coluerat,
888 778 1030 816 eodem
1064 775 1228 814 nomine
1261 774 1438 824 appellat
1470 772 1576 818 ‚Deli
1600 771 1779 821 positus‘.

451 854 642 892 Videmus
687 852 802 902 igitur
852 857 1060 898 utramque
1104 845 1472 897 interpretationem
1513 843 1663 894 optime
1695 841 1872 891 intellegi

311 939 440 976 neque
476 927 639 964 moleste
672 923 760 962 ferri
794 922 903 972 quod
948 920 1194 971 plenioribus
1239 917 1423 956 breviora
1464 916 1735 966 seiunguntur„
1781 926 1872 952 curn

310 1012 389 1036 non
414 998 541 1035 minus
565 997 759 1046 quadrent
781 995 850 1032 illa
880 993 1002 1031 verba
1036 992 1089 1038 ‚in
1117 1004 1195 1041 quo
1229 990 1312 1029 eius
1346 997 1383 1028 et
1416 1001 1592 1026 nomen.
1614 1018 1621 1026 .
1643 989 1666 1025 .‘
1702 986 1754 1024 ad
1790 986 1869 1035 ple-

312 1070 422 1107 niora
455 1082 573 1118 quam
607 1069 658 1106 ad
691 1066 884 1105 breviora.

454 1143 501 1179 A.
527 1154 564 1187 4,
604 1143 680 1189 65:
719 1140 824 1183 ,Heu
857 1145 988 1175 vatum
1023 1136 1186 1185 ignarae
1219 1132 1385 1184 mentes]
1421 1146 1503 1170 non
1526 1131 1755 1170 sacerdotes
1778 1130 1874 1168 vitu-

313 1222 421 1264 perat
474 1212 583 1261 quasi
620 1211 776 1249 nescios
797 1210 1038 1259 saturat-mn,
1073 1207 1143 1245 sed
1171 1206 1249 1244 vim
1272 1205 1442 1243 amantis
1465 1204 1661 1254 exprimit,
1695 1210 1733 1242 et
1780 1202 1874 1240 inde

316 1287 509 1335 vituperat
554 1283 781 1321 sacerdotes
826 1283 979 1329 (gnaras
1017 1292 1102 1326 eigo
1146 1279 1289 1315 amoris
1320 1278 1473 1325 reginae
1503 1277 1572 1325 qui
1599 1275 1880 1314 admonuerunt

319 1371 390 1394 mm
424 1357 645 1393 [rca'z'lm‘am
677 1355 769 1403 qm'a
801 1353 868 1390 illa
900 1352 999 1389 alias
1031 1363 1164 1388 causas
1210 1349 1389 1387 lt'lczllbm's
1426 1347 1705 1398 praetendebat,
1737 1352 1772 1384 el
1800 1347 1879 1384 ideo

316 1435 400 1466 rota
437 1441 509 1465 mm
534 1427 766 1477 pmfirielmt:
800 1421 892 1472 *qui
925 1423 1218 1461 admonuerunt
1251 1434 1332 1458 non
1355 1415 1641 1458 credituram*:
1677 1431 1769 1456 nam
1794 1431 1876 1456 om-

313 1501 379 1538 nia
413 1500 537 1537 futura
571 1512 593 1536 a
626 1496 900 1535 sacerdotibus
946 1494 1151 1544 praedicta
1192 1505 1291 1538 esse,
1338 1504 1510 1541 sequens
1555 1490 1707 1530 indicat
1750 1491 1874 1536 locus,

317 1580 356 1609 ut
391 1572 604 1619 ,multaque
638 1576 842 1619 praeterea
873 1574 1003 1604 vatum
1028 1565 1233 1615 praedicta
1265 1564 1467 1614 priorutn‘.

459 1644 589 1680 Locus
622 1641 822 1679 intellectu
855 1638 1130 1677 difficillimus:
1166 1637 1275 1674 cuius
1319 1636 1448 1685 prima
1491 1648 1582 1685 pars
1617 1647 1711 1681 ,non
1750 1647 1877 1673 sacer-

316 1715 430 1753 dotes
476 1714 669 1763 vituperat
715 1711 828 1761 quasi
873 1710 1031 1748 nescios
1068 1710 1309 1758 futurorum‘
1361 1708 1620 1745 confirmatur
1668 1719 1716 1745 eo
1765 1707 1876 1756 quod

315 1786 673 1835 scriptuinlegimus
687 1784 723 1821 in
739 1791 913 1821 extremo
924 1794 972 1820 eo
983 1781 1136 1818 scholio
1150 1794 1254 1825 ,nam
1272 1780 1408 1817 onmia
1421 1780 1579 1817 futuraa
1601 1779 1877 1817 sacerdotibus

315 1857 520 1906 praedicta
539 1869 624 1894 esse
643 1886 649 1893 .
674 1886 679 1893 .
703 1887 709 1893 .
730 1855 1047 1904 priorum¹atque
1065 1852 1148 1902 ipse
1170 1852 1289 1889 Thilo
1303 1851 1490 1890 concedit
1512 1851 1562 1890 ad
1573 1851 1721 1889 nullam
1734 1864 1816 1889 rem
1829 1864 1878 1890 ea

315 1929 491 1966 revocari
525 1941 641 1977 posse
675 1927 749 1964 nisi
783 1927 834 1964 ad
866 1925 1034 1975 primam
1069 1923 1348 1962 commentarii
1371 1931 1535 1973 partem.
1600 1925 1787 1961 Attamen
1812 1923 1878 1962 ille

262 2032 264 2034 .
315 2001 436 2038 verba
467 2014 515 2038 eo
548 2013 627 2037 non
662 1998 904 2048 transposuit
937 2010 1018 2046 quo
1052 2009 1216 2034 neeesse
1249 2004 1344 2044 erat,
1379 2009 1470 2034 eum
1500 1996 1540 2034 id
1573 2008 1696 2033 unum
1729 2001 1876 2045 ageret,

316 2079 355 2108 ut
388 2071 566 2120 pleniora
599 2071 718 2108 verba
750 2078 953 2118 tamquam
986 2068 1116 2106 aliena
1140 2076 1306 2106 notaret.
1370 2069 1430 2105 Ita
1468 2080 1562 2106 vero
1586 2080 1676 2105 cum
1698 2067 1878 2117 legamus

318 2143 418 2180 inter
451 2143 537 2180 illas
570 2143 667 2180 duas
700 2142 775 2179 sibi
808 2148 1000 2190 cognatas
1044 2140 1259 2178 sententias
1305 2152 1465 2189 prorsus
1510 2139 1589 2178 alia
1629 2139 1752 2178 verba
1796 2146 1880 2177 arte

317 2214 416 2251 inter
448 2227 489 2251 se
521 2213 792 2252 cohaerentia:
830 2213 913 2258 ,sed
960 2212 1037 2249 vim
1083 2212 1249 2250 amantis
1274 2212 1455 2261 exprimit
1488 2218 1526 2250 et
1558 2212 1652 2250 inde
1684 2211 1880 2261 vituperat

265 2292 270 2300 '
317 2286 542 2323 sacerdotes
576 2285 641 2334 qui
676 2285 967 2322 admonuerunt
990 2296 1071 2321 non
1105 2284 1356 2321 credituram‘
1392 2285 1522 2322 facere
1555 2297 1636 2322 non
1669 2295 1879 2333 possumus

320 2357 412 2405 quin
447 2357 608 2394 alteram
654 2357 803 2405 primae
849 2356 969 2405 partis
1016 2355 1250 2393 sententiam
1299 2369 1405 2401 ,nam
1447 2355 1639 2394 omnia..
1663 2355 1877 2404 ,priorum‘

321 2428 418 2465 falso
460 2428 670 2465 referamus
704 2428 754 2465 ad
801 2427 1040 2472 ‚sacerdotes
1073 2427 1140 2475 qui
1173 2427 1465 2465 admonuerunt
1496 2440 1578 2464 non
1611 2426 1878 2465 credituram‘.

463 2510 633 2556 ‚Deinde
665 2511 875 2548 obscurum
901 2518 957 2548 est
992 2523 1070 2559 quo
1093 2511 1191 2548 haee
1223 2510 1431 2549 referenda
1463 2509 1553 2556 sint,
1577 2511 1669 2559 quia
1691 2509 1760 2547 illa
1781 2509 1882 2547 alias

320 2594 451 2619 musas
481 2583 658 2619 lindiam}-
682 2583 949 2631 praetendebas
977 2588 1011 2619 et
1040 2583 1117 2620 Meo
1148 2588 1233 2620 Pota
1267 2596 1339 2620 non
1363 2582 1606 2632 petficiebat‘,
1649 2594 1739 2618 cum
1772 2580 1882 2619 dicat

321 2653 439 2689 Thilo
472 2666 561 2702 pag.
595 2655 704 2698 VIII,
754 2654 872 2702 plane
904 2666 991 2690 cum
1027 2666 1074 2691 eo
1107 2653 1329 2691 consentio.
1394 2653 1472 2691 Sed
1519 2665 1664 2690 causae
1696 2652 1881 2690 Thilonis

323 2724 415 2760 mihi
447 2737 527 2760 non
560 2725 788 2773 probantur,
823 2725 932 2773 quod
965 2732 1003 2762 et
1035 2725 1224 2762 brevioris
1257 2732 1294 2762 et
1334 2724 1523 2774 plenioris
1560 2723 1683 2761 Servii
1726 2730 1881 2762 antece-

325 2794 422 2831 dens
455 2795 551 2832 illud
586 2795 664 2843 ‚qui
700 2796 987 2834 admonuerunt
1012 2809 1092 2833 non
1126 2796 1379 2834 credituram‘
1414 2802 1641 2844 corruptum
1666 2807 1752 2834 esse
1785 2794 1883 2833 mihi

327 2865 490 2903 videtur.
555 2867 695 2914 Neque
741 2867 845 2904 enim
890 2867 970 2904 ullo
1010 2868 1131 2905 modo
1175 2881 1198 2905 a
1232 2866 1412 2915 Vergilio
1453 2866 1596 2904 dicitur
1637 2867 1687 2905 de
1728 2866 1882 2905 vatibus

329 2936 502 2983 reginam
537 2937 856 2984 admonentibus,
900 2938 950 2975 de
983 2938 1120 2988 regina
1167 2937 1327 2976 monitis
1378 2950 1460 2975 non
1493 2937 1704 2983 creditura,
1751 2950 1883 2987 neque

326 3006 486 3044 omnino
521 3007 600 3044 dici
632 3015 797 3056 poterat,
832 3022 920 3046 cum
952 3018 1076 3056 vates,
1112 3018 1152 3047 ut
1183 3016 1289 3047 recte
1325 3009 1492 3047 adnotat
1523 3009 1681 3059 plenior
1713 3009 1884 3056 Servius,
