2023 3543
1047 255 1097 263 ..-
1164 235 1213 272 18
1275 253 1333 261 .—

550 369 744 419 Equidem
790 368 830 406 in
878 374 961 406 tota
1008 365 1257 415 expositione
1304 376 1385 401 non
1448 363 1581 402 inveni
1628 375 1698 401 cur
1741 363 1793 401 de
1839 362 1963 401 Missa

409 443 592 492 cogitem.
608 438 658 492 ⁹⁷)

557 512 712 550 Deinde
744 510 814 548 viri
849 509 957 548 docti
990 509 1041 558 (A
1060 521 1099 555 4,
1120 507 1239 558 301):
1288 507 1377 553 ,hoc
1409 507 1529 556 vulgo
1577 506 1783 556 apertione
1831 507 1964 556 appel—

409 586 502 622 lant‘
545 597 568 622 a
600 595 757 632 pagano
805 581 992 629 scriptum
1027 591 1112 618 esse
1145 585 1309 627 negant:
1342 578 1549 616 videamus
1583 577 1711 627 igitur,
1745 590 1840 615 num
1888 578 1965 615 hoc

410 656 571 693 fecerint
606 654 698 691 iure.
764 652 803 690 Si
837 650 1038 689 christiani
1072 651 1171 687 haec
1203 650 1324 687 verba
1358 661 1444 687 esse
1476 656 1674 699 putamus,
1709 661 1874 687 necesse
1906 656 1965 688 est
1996 687 1998 689 ,

410 739 546 764 vocem
602 723 817 774 apertionis
866 723 920 760 ita
953 722 1242 770 intellegamus,
1292 727 1332 758 ut
1379 720 1583 758 christiani
1630 733 1678 759 ea
1731 720 1962 760 utebantur:

408 798 525 835 habet
565 803 693 834 autem
724 795 828 844 apud
862 807 930 832 eos
954 794 1057 831 hanc
1079 792 1434 843 significationem:
1462 792 1692 842 ,apertionis
1720 791 1962 842 mysterium,

413 867 651 912 ceremonia,
686 879 765 915 qua
798 865 985 903 sacerdos
1019 865 1247 903 accedentis
1271 864 1323 902 ad
1355 864 1602 913 Baptismum
1635 875 1752 901 nares
1784 871 1822 902 et
1853 875 1966 902 aures

411 939 536 988 tangit
582 939 740 976 dicens:
789 937 945 986 epheta,
995 935 1034 973 id
1069 944 1127 974 est
1159 936 1380 986 adaperire,
1414 936 1476 974 vel
1509 943 1566 973 est
1609 934 1761 985 apertio
1794 931 1966 986 oris.‘⁹⁸)

414 1010 665 1047 Antecedunt
700 1015 831 1047 autem
865 1008 940 1046 illis
981 1007 1103 1046 Servii
1135 1007 1266 1046 verbis
1300 1007 1483 1045 Plautino
1534 1007 1654 1045 verbo
1705 1006 1964 1056 interposito:

415 1094 514 1127 ,cum
556 1080 812 1118 sollemnibus
847 1080 987 1118 diebus
1021 1079 1301 1128 aperiebantur
1322 1079 1472 1128 templa
1504 1078 1749 1117 instaurandi
1781 1078 1966 1116 sacrificii

416 1157 560 1190 causa'.
625 1153 740 1190 Haec
762 1164 855 1189 num
879 1151 929 1189 de
961 1151 1160 1200 baptismo
1193 1150 1409 1188 christiano
1441 1150 1521 1188 dici
1553 1149 1762 1200 putamus?
1822 1150 1969 1188 Nonne

415 1223 608 1260 sacrificia
653 1235 897 1272 paganorum
932 1221 1235 1260 commemorari
1268 1221 1477 1259 videmus?
1540 1223 1678 1270 Itaque
1710 1222 1833 1260 verba
1864 1234 1968 1271 quae

413 1294 664 1339 antecedunt,
697 1307 770 1331 nos
804 1293 1025 1343 impediunt
1058 1293 1271 1342 quominus
1303 1294 1354 1332 de
1387 1305 1458 1331 usu
1492 1292 1706 1332 christiano
1729 1293 1965 1344 cogitemus,

411 1365 479 1402 sed
503 1372 665 1403 monent
697 1365 761 1414 agi
793 1366 844 1404 de
875 1372 1051 1403 veterum
1074 1365 1238 1403 deorum
1263 1365 1470 1415 apertione
1488 1361 1539 1415 99)
1571 1366 1822 1415 templorum.

550 1437 585 1473 T
589 1436 705 1475 ertius
738 1437 847 1474 locus
870 1443 928 1474 est
952 1438 987 1474 A
1008 1438 1045 1481 8,
1081 1438 1187 1484 670:
1210 1436 1430 1485 ,quomodo
1464 1435 1569 1474 enim
1603 1436 1678 1486 piis
1712 1436 1796 1474 iura
1828 1436 1966 1475 redde-

414 1515 482 1552 ret,
517 1507 583 1556 qui
615 1507 655 1544 in
688 1520 729 1545 se
762 1507 904 1558 impius
937 1507 1047 1545 fuit?‘
1114 1509 1228 1546 Haec
1260 1509 1383 1546 verba
1429 1509 1481 1546 ad
1506 1508 1703 1547 Catonem
1736 1508 1965 1558 respiciunt,

413 1578 480 1627 qui
512 1591 670 1616 manum
703 1579 780 1616 sibi
812 1580 950 1618 attulit.
986 1577 1199 1617 Christiani
1252 1586 1384 1617 autem
1423 1587 1494 1625 est,
1530 1586 1569 1617 ut
1602 1579 1766 1618 Thiloni
1799 1580 1966 1625 videtur,

412 1650 529 1687 talem
563 1650 762 1688 hominem
797 1650 961 1700 impium
995 1651 1153 1689 habere.
1219 1651 1438 1689 Concedo:
1473 1652 1544 1690 sed
1577 1651 1851 1700 quaerendum
1881 1663 1968 1689 esse

414 1728 522 1769 puto,
557 1733 649 1758 num
683 1721 783 1759 inter
815 1728 965 1760 veteres
1014 1722 1156 1760 fuerint
1190 1723 1256 1772 qui
1290 1723 1395 1760 idem
1445 1723 1496 1761 de
1542 1723 1621 1760 hoc
1653 1722 1789 1760 mortis
1821 1734 1968 1772 genere

413 1800 616 1830 censerent
657 1799 776 1841 atque
798 1793 1012 1832 christiani.
1048 1794 1307 1831 Notissimum
1334 1802 1392 1832 est
1414 1794 1571 1832 Stoicos
1589 1801 1756 1832 mortem
1790 1794 1969 1832 volunta·

414 1864 509 1900 riam
543 1876 698 1913 semper
729 1865 932 1914 probasse,
968 1866 1200 1916 saepissime
1249 1866 1568 1905 commendasse,
1607 1878 1775 1915 quorum
1825 1865 1969 1903 doctri-

414 1947 505 1971 nam
553 1935 734 1984 permulti
766 1936 938 1974 Romani
984 1937 1108 1976 secuti
1141 1934 1326 1987 sunt¹⁰⁰)‚
1362 1938 1466 1976 velut
1501 1938 1645 1976 Cicero
1697 1937 1749 1983 ,in
1783 1941 1876 1986 quo‘
1912 1937 1969 1975 in-

416 2006 498 2054 quit
533 2013 610 2051 ,aut
642 2013 731 2043 sunt
764 2007 875 2056 plura
905 2009 1102 2046 contraria
1147 2015 1211 2046 aut
1260 2010 1343 2047 fore
1395 2010 1579 2048 videntur
1628 2009 1742 2047 huius
1791 2008 1968 2046 officium

415 2084 483 2121 est,
518 2089 539 2114 e
574 2078 649 2115 vita
670 2075 966 2129 excedere.‘¹⁰¹)

556 2149 707 2186 Seneca
737 2149 854 2186 etiam
887 2150 1057 2188 rationes
1090 2151 1172 2188 eius
1219 2152 1355 2189 mortis
1408 2160 1634 2192 enumerat:
1681 2165 1761 2202 quo
1822 2154 1967 2192 factum

416 2225 472 2255 est
495 2226 534 2256 ut
552 2220 797 2258 Baumhauer
810 2216 880 2270 ¹⁰²)
898 2222 1090 2259 Romanis
1113 2222 1239 2272 ipsam
1264 2232 1429 2261 mortem
1463 2224 1724 2262 voluntariam
1751 2238 1969 2276 numquam

416 2290 596 2328 iniustam
630 2303 716 2328 esse
746 2291 868 2329 visam
901 2292 1062 2331 diceret.

558 2545 599 2589 ⁹⁷)
625 2548 754 2581 Mecum
784 2551 948 2583 consentit
975 2552 1125 2585 Thomas
1150 2564 1228 2595 pag.
1264 2563 1339 2593 141.

557 2604 598 2650 ⁹⁸)
625 2607 668 2638 cf.
696 2609 868 2650 Ducange.
897 2622 961 2642 s.v.

558 2664 600 2707 99)
627 2667 735 2698 Etiam
767 2669 812 2700 H.
841 2669 1029 2712 Nettleship
1054 2671 1199 2712 (journal
1227 2673 1264 2704 os
1288 2674 1405 2715 philol.
1435 2675 1478 2718 X,
1508 2686 1542 2716 p.
1565 2675 1641 2721 157)
1668 2676 1730 2707 hos
1755 2676 1839 2707 duos
1876 2676 1970 2708 locos

418 2724 496 2755 nihil
538 2725 644 2756 valere
681 2727 760 2758 dicit
797 2738 870 2760 cum
908 2730 967 2760 viri
1006 2731 1095 2761 docti
1130 2733 1293 2772 explicare
1336 2734 1518 2772 omiserint,
1561 2736 1733 2777 quomodo
1773 2736 1970 2768 christianus

417 2783 536 2825 aliquis
563 2795 618 2814 eos
644 2788 875 2827 composuerit.

558 2843 615 2884 100)
644 2844 707 2876 Ed.
736 2846 849 2884 Zeller,
868 2847 921 2878 (lie
939 2849 1152 2891 Philosophie
1170 2851 1228 2881 der
1254 2851 1430 2891 Griechen,
1451 2852 1590 2894 Leipzig
1620 2854 1722 2898 1880,
1749 2856 1812 2900 111,
1847 2863 1860 2887 1
1889 2866 1968 2898 pag.

420 2907 482 2940 305
511 2912 581 2942 sqq·
610 2914 683 2943 vag-
710 2911 791 2946 455·

559 2965 616 3000 101)
644 2963 684 2992 de
711 2963 767 2995 fin.
796 2965 875 2996 bon.
904 2973 935 2997 et
961 2967 1039 2999 mal.
1068 2969 1126 3006 ΙΙΙ,
1151 2969 1208 3004 60,

560 3022 617 3061 10²)
645 3021 830 3065 disquisitio
855 3025 896 3055 de
923 3033 1026 3058 morte
1053 3028 1250 3074 voluntaria,
1285 3030 1382 3071 1843,
1414 3041 1491 3072 pag.
1519 3038 1578 3074 45.
