2023 3543
957 233 1252 270 ..30-

331 369 490 405 cunque
523 368 679 393 sensum
714 353 966 398 restituimus,
1015 358 1138 401 ,ergo‘
1182 353 1279 391 illud
1313 351 1430 390 nobis
1463 349 1678 388 delendum
1712 348 1773 396 sit,
1819 361 1892 399 pro

330 429 469 466 iterato
515 427 719 471 ‚audierat‘
763 438 843 462 non
877 424 1005 461 minus
1039 432 1130 473 apte
1176 427 1267 469 ‚aut‘
1312 423 1486 461 scribere
1518 434 1741 470 possumus.
1803 422 1891 471 Jam

330 499 446 548 igitur
476 498 603 536 existit
638 496 828 546 quaestio,
863 502 991 532 utrum
1024 508 1112 532 cum
1138 495 1311 532 Thilone
1342 494 1524 544 pleniora
1546 493 1666 530 verba
1688 500 1890 542 tamquam

331 570 518 607 additicia
567 581 774 617 segregare
817 580 866 605 an
909 567 987 604 alia
1029 566 1276 604 correctione
1325 565 1505 604 adhibita
1543 564 1732 614 plenioris
1772 572 1892 614 atque

331 641 518 678 brevioris
553 638 826 676 commentarii
861 637 1202 675 continuationem
1236 649 1391 675 servare
1424 636 1602 674 velimus.

476 713 525 748 At
559 717 597 747 ut
630 722 747 758 supra
779 708 859 746 dixi
909 708 1186 745 difficillimum
1231 716 1289 746 est
1321 708 1372 746 de
1405 707 1569 757 singulis
1603 707 1892 745 coniunctioni-

331 784 401 820 bus
434 782 619 825 iudicare,
670 793 772 829 quae
818 792 938 829 saepe
994 780 1098 817 notis
1152 787 1305 818 tantum
1357 779 1697 830 significabantur.
1762 778 1893 817 Etiam

330 856 361 890 Α
390 867 426 900 4,
470 866 542 901 132
579 852 796 901 pleniorem
832 851 1007 888 Servium
1042 851 1327 889 coniunctione
1362 854 1485 901 ,ergo‘
1509 850 1643 900 inepte
1666 863 1779 888 usum
1806 863 1893 888 esse

330 925 447 962 Thilo
481 931 585 961 recte
618 923 829 971 explicavit
862 930 980 971 atque
1013 924 1237 972 complures
1279 923 1361 961 eius
1396 922 1505 960 modi
1539 923 1653 960 locos
1687 935 1892 960 enumera-

331 997 393 1041 vit,
435 996 504 1033 etsi
538 1007 617 1032 non
652 994 810 1043 negavit
843 994 928 1032 aliis
962 995 1207 1043 plenioribus
1241 995 1339 1032 locis
1373 995 1470 1033 illud
1507 999 1631 1046 ‚ergo‘
1668 1007 1779 1032 suam
1812 994 1891 1032 vim

330 1068 498 1114 babere3
532 1077 660 1114 neque
694 1065 748 1102 illi
782 1066 869 1110 soli,
904 1079 1036 1104 verum
1072 1066 1189 1104 etiam
1225 1067 1394 1105 breviori
1429 1067 1565 1104 Servio
1600 1066 1696 1104 vitio
1732 1066 1893 1105 vertitur

330 1138 437 1187 quod
472 1138 589 1175 verba
622 1137 724 1174 male
757 1137 856 1174 inter
888 1150 929 1175 se
963 1137 1178 1176 coniuncta
1210 1134 1509 1192 reperiuntur5).

472 1210 628 1246 Praeter
671 1209 775 1245 illam
822 1209 1147 1247 coniunctionem
1196 1214 1316 1259 ,ergo‘
1367 1210 1463 1248 alias
1513 1211 1615 1248 falso
1658 1223 1682 1248 a
1713 1210 1893 1260 pleniore

332 1280 466 1318 Servio
501 1287 702 1329 usurpatas
749 1293 835 1319 esse
876 1281 972 1318 dicit
1005 1282 1138 1325 Thilo,
1188 1282 1255 1331 qui
1295 1289 1430 1320 censet
1463 1282 1572 1320 illum
1607 1295 1628 1320 e
1651 1282 1892 1332 Vergilianis

331 1352 624 1389 commentariis
659 1359 776 1401 atque
801 1354 1093 1402 exemplaribus
1126 1354 1305 1392 hausisse
1337 1367 1469 1404 neque
1491 1367 1580 1392 cum
1615 1355 1684 1392 illa
1706 1353 1892 1392 breviori-

331 1425 401 1460 bus
423 1423 550 1461 verbis
573 1423 759 1468 adiceret,
794 1436 952 1461 curasse
985 1425 1290 1463 coniunctiones
1324 1439 1416 1463 num
1453 1426 1505 1464 ad
1529 1438 1577 1464 ea
1599 1422 1891 1476 quadrarenff).

475 1495 592 1532 Velut
615 1497 648 1532 A
680 1509 712 1540 1,
755 1508 829 1544 123
851 1507 856 1532 t
878 1496 1079 1547 ‚Imbreml
1118 1497 1244 1535 imber
1277 1498 1420 1535 dicitur
1453 1511 1566 1535 umor
1583 1497 1726 1543 omnis,
1759 1502 1894 1535 veteres

329 1567 424 1603 em'm
455 1579 595 1602 omnem
628 1579 769 1614 aquam
802 1567 954 1604 imbrem
996 1568 1172 1610 dicebant,
1218 1577 1257 1607 ut
1303 1570 1507 1608 Lucretius
1556 1583 1614 1615 ,ex
1664 1569 1745 1619 igni
1789 1577 1894 1607 terra

332 1645 450 1685 atque
483 1637 615 1674 anima
647 1646 862 1675 nascuntur
894 1646 931 1676 et
965 1638 1093 1676 imbri*
1129 1640 1282 1676 Ennius
1314 1641 1466 1677 imbrem
1490 1647 1565 1690 pro
1596 1654 1700 1689 aqua
1733 1641 1891 1679 marma

333 1709 557 1757 ,ratibusque
576 1709 768 1757 fremebal
795 1710 912 1746 imber
940 1710 1122 1759 lliptum*
1155 1709 1219 1750 *id
1253 1719 1310 1750 est
1345 1711 1535 1751 umore*.‘

472 1780 674 1829 Sagaciter
707 1781 824 1818 Thilo
862 1782 1041 1830 pleniora
1081 1784 1156 1821 hoc
1202 1784 1292 1822 loco
1335 1784 1555 1834 segregavit
1589 1798 1612 1822 a
1645 1784 1892 1823 brevioribus

332 1858 449 1899 atque
468 1851 546 1888 duo
566 1852 1055 1892 bonascholiaconstituit.
1093 1856 1309 1903 Quaeritur
1332 1864 1462 1894 autem
1487 1869 1581 1894 num
1605 1856 1752 1895 idonea
1773 1869 1894 1894 causa

332 1930 529 1970 permotus
572 1923 632 1968 sit,
676 1934 715 1963 ut
747 1932 826 1962 tam
860 1926 1074 1963 violentam
1110 1928 1308 1965 medelam
1349 1928 1562 1967 adhibeat:
1628 1929 1738 1978 quod
1771 1941 1890 1978 nego.

333 1994 431 2030 Nam
466 1994 563 2031 sicut
596 1995 779 2041 Ennium,
811 1996 926 2034 etiam
962 1999 1186 2036 Lucretium
1220 2007 1339 2048 atque
1359 2000 1577 2050 Vergilium
1612 2000 1713 2038 inter
1739 2007 1890 2039 veteres

333 2065 540 2110 numerari,
576 2067 701 2115 primo
735 2068 864 2117 capite
897 2068 1265 2109 demonstravimus.

473 2137 660 2174 Plenioris
692 2145 820 2175 autem
856 2140 978 2185 Servii
1012 2141 1132 2178 verba
1186 2152 1349 2186 ,veteres
1389 2144 1494 2181 enim
1538 2156 1698 2182 omnem
1744 2156 1889 2193 aquam

333 2206 497 2244 imbrem
530 2207 730 2246 (licebant‘
765 2210 836 2247 etsi
871 2211 963 2248 satis
997 2224 1239 2261 supervacua
1272 2222 1372 2260 sunt,
1418 2222 1552 2254 tamen
1586 2228 1667 2253 non
1701 2228 1801 2266 opus
1834 2222 1893 2254 est

333 2284 590 2326 transponere
622 2287 686 2316 aut
720 2280 865 2325 delere,
901 2295 989 2319 cum
1024 2296 1096 2321 nec
1130 2286 1412 2324 sententiarum
1437 2295 1671 2325 structuram
1705 2299 1780 2325 nec
1812 2299 1893 2325 ver-

334 2349 474 2386 borum
511 2362 666 2387 sensum
701 2361 974 2402 corrumpant:
1011 2354 1131 2393 immo
1165 2357 1271 2395 haud
1295 2358 1429 2408 inepte
1452 2371 1499 2396 ex
1523 2359 1803 2397 observatione
1827 2359 1895 2397 illa

333 2419 371 2456 in
422 2421 603 2458 Lucretio
650 2430 687 2459 et
720 2424 850 2460 Ennio
901 2424 1076 2464 instituta
1120 2428 1323 2467 universus
1357 2438 1531 2468 veterum
1565 2443 1657 2468 usus
1690 2431 1890 2480 repetitur.

475 2493 508 2528 A
539 2505 570 2537 1,
614 2506 687 2541 134
724 2494 820 2532 nihil
854 2495 1073 2546 invenitur3
1108 2499 1207 2537 alios
1241 2501 1352 2538 locos
1375 2503 1495 2539 Tbilo
1530 2502 1774 2540 enumeravit
1806 2508 1893 2539 tan-

334 2569 427 2607 tum,
461 2563 529 2600 sed
554 2563 668 2601 etiam
694 2565 756 2601 bic
780 2567 972 2605 lubricum
1008 2577 1063 2607 est
1086 2570 1135 2607 de
1161 2570 1324 2620 singulis
1358 2573 1523 2610 vocibus
1556 2573 1747 2610 iudicium
1780 2574 1892 2619 ferre,

335 2634 560 2682 praesertim
585 2648 671 2673 cum
699 2637 885 2685 plenioris
909 2640 1030 2678 Servii
1055 2649 1180 2679 textus
1205 2644 1328 2681 multo
1358 2644 1530 2682 deterius
1556 2657 1675 2694 quam
1700 2644 1893 2682 brevioris

335 2705 451 2742 nobis
484 2706 648 2744 traditus
682 2705 778 2758 sitT).

477 2902 506 2946 ε’)
532 2905 575 2937 cf.
605 2907 763 2944 Thomas,
801 2919 876 2950 pag.
912 2910 988 2951 176.

477 2961 506 3006 6)
533 2965 574 2996 cf.
604 2967 714 3002 Thilo,
748 2980 823 3009 pag.
854 2970 912 3000 IX.

478 3020 505 3065 7)
532 3025 574 3056 cf.
605 3025 727 3058 Thom.
758 3039 833 3069 pag.
870 3030 944 3068 146.
