2023 3543
763 213 1053 257 -37-

123 332 224 372 locis
270 333 311 372 id
345 341 451 373 recte
495 335 640 373 factum
682 349 768 375 esse
812 339 1006 385 concedo,
1051 341 1280 390 praesertim
1325 356 1426 389 cum,
1472 351 1512 381 ut
1558 357 1675 394 saepe

124 405 219 450 dixi,
262 407 361 444 tales
393 407 555 444 voculas
590 408 705 446 facile
740 422 763 446 a
794 409 962 448 librariis
1007 412 1244 451 adderentur
1275 415 1335 452 vel
1368 415 1672 454 immutarentur.

126 477 207 515 Sed
231 476 417 515 Thilonis
449 478 500 516 ad
523 480 559 515 A
585 489 620 528 5,
661 493 739 526 144
766 481 1017 520 coniecturae
1040 483 1134 520 mihi
1158 497 1238 522 non
1262 486 1497 534 probantur:
1533 487 1675 524 delevit

124 549 230 587 enirn
280 552 403 594 ,sane‘
449 556 567 598 atque
611 550 756 588 lemma
803 552 964 602 ,biiugo¹
1002 554 1140 592 iterum
1186 556 1351 605 scripsit,
1395 558 1504 605 quod
1539 571 1673 607 parum

124 620 397 659 consentirent
430 620 596 658 duorum
629 623 975 670 grammaticorum
1008 626 1172 671 scholia,
1206 640 1294 664 cum
1328 629 1424 666 alter
1455 629 1504 666 de
1536 630 1673 672 forma,

122 693 221 738 alter
252 692 303 730 de
335 692 423 741 ipsa
455 704 494 730 re
527 705 654 741 pauca
686 694 846 732 diceret.
912 696 1033 743 Quod
1078 697 1149 734 etsi
1191 698 1245 735 ita
1288 711 1328 736 se
1367 700 1496 744 habet,
1543 707 1673 738 tamen

123 777 206 802 non
238 771 297 802 est
330 775 400 801 our
432 764 717 802 coniunctione
751 770 871 808 ,sane‘
905 767 1002 805 illud
1025 769 1178 806 conecti
1203 781 1319 818 posse
1352 783 1551 819 negemus,
1585 784 1673 809 cum

124 836 210 886 ipse
242 835 363 873 Thilo
396 836 515 885 paulo
549 842 640 873 ante
673 836 794 881 dicat,
828 850 914 874 earn
947 839 997 875 ab
1031 839 1225 877 ambobus
1249 841 1391 878 Serviis
1415 841 1480 890 (cf.
1501 844 1532 879 Α
1552 843 1673 891 2‚3‹)l

124 908 177 946 ad
209 907 386 945 diversas
419 920 479 945 res
513 907 788 957 adiungendas
822 910 1010 958 usurpari.
1074 911 1151 948 Sed
1175 918 1213 948 ut
1237 913 1352 949 finem
1387 913 1589 958 faciamus,
1624 914 1673 951 de

123 979 277 1018 ratione
327 984 687 1016 commentatorum
720 979 817 1016 nihil
841 980 1031 1018 evincitur
1062 982 1433 1030 coniunctionib1153
1467 997 1557 1021 nam
1591 984 1673 1033 ipse

123 1051 244 1089 Thilo
276 1050 386 1096 dicit,
435 1050 658 1088 breviorem
699 1051 876 1088 Servium
923 1051 1063 1090 iisdem
1095 1053 1150 1090 uti
1183 1054 1324 1102 quibus
1358 1055 1530 1103 plenior:
1567 1056 1672 1104 quod

125 1129 258 1162 autern
305 1122 372 1160 hic
418 1121 576 1171 saepius
628 1134 693 1160 eas
742 1130 901 1172 usurpat
945 1123 1026 1169 illo,
1074 1137 1155 1162 non
1198 1125 1395 1170 miramur,
1430 1139 1517 1163 cum
1551 1127 1673 1163 multo

122 1195 235 1245 plura
268 1194 454 1243 proferat.

265 1267 397 1314 Atque
429 1272 470 1302 ut
515 1265 566 1302 ad
612 1271 827 1302 extremum
867 1265 1082 1311 veniamus,
1128 1268 1319 1316 permulta
1362 1280 1463 1316 quae
1507 1268 1672 1317 pleniori

123 1337 259 1377 Servio
291 1336 388 1374 vitio
420 1342 623 1374 vertuntur
650 1337 877 1374 communia
898 1345 986 1374 sunt
1011 1350 1098 1375 cum
1122 1339 1296 1376 omnium
1321 1346 1670 1376 commentatorum

123 1416 243 1459 atque
274 1408 635 1458 grammaticorum,
679 1415 761 1446 tum
803 1409 924 1458 ipsius
966 1409 1154 1447 brevioris
1187 1410 1307 1447 Servii
1348 1418 1524 1459 peccata,
1563 1411 1672 1447 cuius

122 1480 490 1530 interpretationem
535 1479 770 1529 ineptiarum
813 1480 1028 1517 admodum
1062 1481 1218 1530 plenam
1262 1493 1347 1518 esse
1378 1489 1513 1518 notum
1546 1477 1670 1530 θείῃ).

121 1553 259 1591 Unum
301 1552 422 1590 addo.
486 1553 531 1589 In
565 1551 830 1600 explicatione
854 1554 887 1588 A
912 1565 950 1598 4,
986 1553 1065 1599 672
1117 1552 1166 1589 ad
1205 1552 1502 1590 antecedentem
1541 1553 1669 1589 locum

121 1630 296 1669 revocat,
341 1636 422 1673 quo
455 1623 625 1673 amplius
658 1623 762 1661 idem
797 1630 1030 1672 exposuerat
1064 1646 1117 1650 ψ-
1150 1635 1306 1671 prorsus
1350 1623 1586 1660 contrarium
1627 1623 1665 1660 in

120 1696 298 1735 modum.
364 1697 573 1734 Praeterea
606 1696 879 1733 additamenta
910 1695 949 1731 in
983 1691 1182 1732 Servianis
1214 1694 1505 1732 commentariis
1538 1694 1667 1731 insunt

122 1768 275 1806 inutilia
308 1775 428 1817 atque
461 1767 603 1805 futtilia
634 1779 735 1816 quae
770 1767 820 1804 ab
844 1766 950 1803 Italis
984 1773 1102 1814 atque
1134 1765 1301 1803 librariis
1323 1761 1575 1814 adscriptam)
1608 1766 1666 1802 vel

123 1853 228 1890 quae
261 1840 382 1878 etiam
415 1840 466 1878 ab
489 1839 600 1877 Iricis
633 1839 737 1876 velut
771 1838 808 1875 in
832 1837 1168 1875 Autissiodorensi
1192 1837 1330 1874 codice
1352 1837 1486 1874 addita
1508 1833 1665 1889 sunt²‘¹).

123 1913 309 1951 Ceterum
353 1912 537 1950 dubitare
577 1924 659 1949 non
704 1923 911 1960 possumus
945 1909 1039 1958 quin
1073 1909 1191 1946 ambo
1225 1908 1495 1945 commentarii
1528 1907 1666 1956 partim

122 1985 263 2023 minuti
294 1985 441 2035 partim
473 1984 590 2028 aucti,
625 1992 731 2021 certe
764 1982 1019 2020 commentati
1052 1981 1103 2019 ad
1125 1994 1197 2018 nos
1220 1975 1540 2029 pervenerint25):
1576 1991 1667 2027 ergo
1723 2024 1726 2025 ⁷

123 2056 303 2107 inprimis
336 2070 477 2107 parvas
510 2055 797 2104 discrepantias
831 2066 960 2102 neque
993 2052 1161 2090 breviori
1182 2064 1310 2100 neque
1332 2050 1498 2100 pleniori
1520 2050 1668 2094 Servio,

124 2129 195 2167 sed
226 2135 452 2178 temporum
485 2127 644 2165 invidiis
678 2126 894 2176 opprobrio
927 2124 1062 2162 danda
1093 2136 1178 2161 esse
1209 2122 1400 2159 videntur.

263 2201 351 2250 Jam
383 2200 570 2238 omnibus
603 2198 733 2236 causis
775 2204 893 2246 atque
938 2194 1175 2245 argumentis
1217 2193 1441 2231 deliberatis
1480 2192 1667 2234 videmus,

124 2271 308 2310 Thilonis
353 2278 586 2321 argumenta
628 2270 769 2308 eodem
812 2268 894 2305 iure
940 2274 1077 2304 contra
1119 2265 1201 2302 eius
1234 2264 1461 2313 opinionem
1494 2262 1669 2300 adhiberi

125 2356 256 2393 posse.

269 2416 407 2453 Altera
440 2414 545 2453 enim
580 2413 732 2451 ratione
764 2423 897 2449 earum
930 2422 1027 2459 quas
1060 2408 1113 2457 (p.
1143 2408 1209 2457 22)
1242 2407 1340 2443 inter
1373 2405 1527 2442 Servios
1560 2404 1670 2440 inter-

126 2487 269 2526 cedere
297 2499 416 2536 posse
447 2486 618 2525 diximus
641 2484 821 2534 neglecta
845 2495 868 2519 a
891 2481 1062 2518 Thilone
1095 2478 1302 2528 quominus
1343 2485 1494 2514 utamur
1526 2475 1564 2511 in
1596 2475 1670 2511 hac

271 2708 312 2753 22)
341 2710 384 2743 cf.
413 2710 525 2746 Thilo,
557 2720 634 2750 pag.
652 2707 712 2750 XI,
740 2706 815 2741 XII,
847 2704 914 2736 vol.
934 2704 995 2747 ΙΙΙ,
1025 2714 1101 2744 pag.
1119 2702 1163 2738 V;
1195 2701 1318 2731 Thom.
1339 2710 1415 2740 pag.
1437 2706 1502 2738 239
1528 2703 1559 2728 ct
1586 2705 1667 2735 242;

129 2771 282 2804 conferas‘
319 2781 417 2812 porro
443 2780 528 2812 quae
565 2768 666 2799 Thilo
704 2777 782 2807 pag.
811 2764 923 2795 XXIX
962 2763 1002 2793 de
1041 2761 1190 2793 breviore
1224 2766 1319 2801 atque
1358 2769 1433 2799 pag.
1463 2756 1604 2787 XXXIII
1633 2756 1672 2786 dc

126 2831 276 2873 pleniore
303 2830 418 2861 Servio
444 2829 536 2860 dicit.

273 2887 313 2933 ²³)
341 2889 383 2925 cf,
409 2888 534 2919 Thom.
563 2897 640 2928 pag.
673 2892 752 2924 171;
796 2882 907 2919 Thilo,
938 2892 1015 2922 pag.
1044 2880 1119 2923 Vll,
1145 2878 1251 2914 XVII,
1283 2876 1349 2908 vol.
1378 2876 1402 2912 Ι,
1439 2883 1467 2917 1,
1507 2885 1583 2915 pag.
1612 2873 1670 2903 IV.

272 2947 317 2991 ⁹⁴)
343 2948 387 2981 cf.
416 2948 527 2985 Thilo,
558 2957 635 2987 pag.
664 2944 770 2975 LXII.

272 3007 314 3054 25)
340 3009 384 3041 cf.
413 3008 536 3040 Thom.
563 3016 641 3048 pag.
675 3011 737 3046 159
764 3003 841 3036 adn.
870 3010 902 3033 2.
