2023 3543
971 239 1263 286 —36-

339 383 376 415 et
408 373 710 425 pulchritudine‘
736 385 757 409 a
796 369 973 420 pleniore
998 367 1135 406 Servio
1158 366 1346 416 scriptum
1371 372 1430 404 est
1453 365 1553 412 ,sola
1575 363 1898 414 pulchritudine‘,

339 447 519 486 nimirum
545 458 594 483 ne
619 444 759 482 eadem
782 442 1009 480 viderentur
1031 451 1132 489 quae
1155 438 1294 476 addita
1310 444 1417 476 sunt:
1445 437 1526 484 ,alii
1545 467 1552 475 .
1575 467 1582 475 .
1605 467 1611 475 .
1634 441 1671 475 .‘.
1719 437 1772 474 At
1794 442 1899 474 certe

339 519 478 557 eodem
513 517 593 554 iure
616 522 753 552 contra
775 526 863 552 eum
887 511 1029 551 dixerit
1067 510 1211 559 aliquis
1245 509 1467 547 breviorem
1493 509 1673 546 Servium
1696 521 1718 546 e
1741 508 1898 546 duabus

339 589 580 640 plenioribus
613 586 828 633 sententiis,
864 585 1008 634 quibus
1041 583 1230 632 scriptum
1273 581 1441 631 legimus
1484 581 1548 618 hic
1591 581 1690 626 ,sola
1732 579 1900 630 pulchri-

339 661 484 698 tudine‘
519 659 598 696 illic
631 658 747 704 ,dolis
780 664 817 695 et
849 654 1158 706 pulchritudine‘
1193 659 1442 691 contractum
1479 652 1595 698 ,dolis
1629 659 1668 690 et
1685 651 1899 702 pulchritu-

339 732 442 770 dine‘
476 731 572 768 illud
605 731 806 767 formasse.

478 803 617 851 Neque
651 801 727 838 alia
761 800 944 849 exempla
977 810 1081 847 quae
1103 798 1223 836 Thilo
1256 810 1348 847 pag.
1371 797 1469 834 XVI
1509 796 1632 842 affert,
1666 795 1782 833 firma
1813 807 1900 833 esse

338 875 528 918 videntur,
562 874 665 910 velut
689 874 723 909 Α
751 885 788 920 3,
825 872 900 920 36:
938 868 1163 921 ‚Levarent]
1191 869 1341 907 bonum
1369 881 1416 906 ac
1447 869 1536 906 leve
1558 868 1749 914 facerent,
1781 866 1826 904 id
1850 870 1906 904 est

339 948 377 983 in
409 946 542 982 henum
576 948 848 981 converterent&
883 965 938 970 —
986 942 1079 980 Non
1111 941 1243 987 video,
1287 953 1356 978 cur
1388 952 1673 990 supervacuum
1711 938 1902 989 plenioris

339 1017 434 1055 illud
469 1016 685 1061 nominem,
720 1028 809 1052 cum
843 1021 998 1064 praeter
1020 1013 1213 1052 brevioris
1237 1012 1360 1052 Servii
1384 1011 1568 1061 frigidam
1592 1010 1900 1061 explicationem

339 1089 492 1138 plenior
523 1087 668 1124 latinae
691 1086 849 1136 linguae
870 1098 1004 1123 verum
1029 1092 1147 1135 atque
1171 1084 1357 1122 usitatum
1381 1095 1606 1122 sermonem
1630 1082 1898 1133 adscripserit.

340 1161 477 1208 Neque
510 1158 690 1196 offendor
712 1157 851 1195 vicinis
874 1157 973 1195 locis
997 1156 1142 1195 similia
1165 1156 1362 1201 adnotari,
1397 1163 1438 1193 ut
1460 1157 1495 1193 A
1525 1168 1558 1201 1,
1597 1166 1678 1205 539
1712 1162 1751 1193 et
1787 1168 1866 1205 541
1889 1165 1897 1193 2

339 1244 449 1281 brev:
524 1241 730 1287 ,rhetorice
792 1241 1077 1290 vituperaturus
1152 1240 1266 1289 plen:
1306 1241 1368 1285 ,Et
1393 1240 1496 1277 bene
1520 1239 1651 1284 ,cient‘
1677 1246 1715 1277 et
1739 1239 1900 1285 ,vetant‘

338 1326 466 1352 mores
498 1326 578 1350 non
621 1313 672 1350 ad
706 1313 907 1351 Didonem
950 1311 1078 1360 loqui·
1153 1318 1361 1361 permanet
1395 1311 1435 1349 in
1467 1310 1582 1349 tertia
1623 1323 1806 1361 persona,
1849 1322 1901 1349 ne

338 1394 410 1433 tur,
453 1385 522 1423 sed
563 1385 613 1422 ad
654 1384 807 1422 tertiam
850 1396 891 1422 se
924 1384 1079 1422 confert
1155 1395 1224 1421 eos
1258 1396 1290 1421 e.
1326 1398 1365 1433 q.
1400 1389 1445 1422 s.‘

339 1461 578 1507 personam‘.

482 1528 596 1576 Quae
629 1527 845 1565 similitudo
877 1539 959 1565 non
982 1534 1062 1564 tam
1087 1539 1134 1565 ex
1157 1526 1340 1565 imitandi
1363 1526 1508 1573 studio,
1543 1539 1664 1576 quam
1688 1539 1735 1566 ex
1759 1527 1900 1566 eadem

339 1612 519 1637 versuum
552 1606 742 1637 structura
775 1606 860 1637 orta
892 1606 961 1637 est.

482 1671 611 1708 Etiam
645 1671 840 1709 diversam
874 1671 1052 1708 eiusdem
1076 1670 1296 1719 Vergiliani
1328 1670 1407 1708 loci
1441 1671 1676 1709 memoriam
1710 1671 1791 1710 duo
1815 1671 1901 1710 Ser-

340 1742 390 1779 vii
433 1749 665 1791 sequuntur:
717 1742 825 1791 quod
871 1749 977 1781 recte
1019 1738 1140 1780 Thilo
1174 1755 1264 1792 pag.
1299 1743 1413 1780 XVII
1446 1742 1625 1780 declarat
1672 1755 1755 1781 non
1787 1742 1903 1781 unius

340 1814 559 1863 interpretis
588 1826 685 1852 esse.
964 1863 969 1867 .

482 1886 561 1923 Sed
595 1885 824 1924 addendum
858 1898 944 1924 esse
982 1893 1077 1935 puto
1111 1886 1401 1936 discrepantias
1448 1886 1666 1924 lectionum
1699 1894 1780 1925 tam
1814 1898 1901 1936 par-

341 1970 406 1994 vas
440 1969 537 2003 esse,
573 1965 613 1994 ut
646 1958 764 1995 ambo
799 1964 1132 1996 commentatores
1166 1958 1273 1996 idem
1307 1954 1576 2009 explicent²¹).

282 2015 284 2019 ‚
481 2029 595 2076 Quae
628 2036 844 2078 sequuntur
875 2031 991 2079 plane
1016 2037 1136 2079 atque
1169 2030 1380 2080 perspicue
1411 2043 1485 2068 nos
1519 2031 1668 2068 (locent
1689 2030 1902 2069 Thilonem

342 2103 392 2137 ab
433 2100 554 2137 altera
599 2107 747 2138 tantum
790 2102 942 2139 ratione
987 2114 1089 2151 quae
1131 2102 1233 2140 inter
1277 2103 1434 2141 Servios
1480 2102 1727 2141 intercedere
1772 2107 1904 2152 potest

342 2171 561 2219 profectum
611 2172 744 2210 omnia
793 2173 1003 2222 explicare.
1081 2174 1188 2211 Dicit
1238 2174 1343 2212 enim
1376 2187 1466 2224 pag.
1501 2175 1642 2216 XV112
1691 2173 1904 2223 ,Coniunc-

281 2276 287 2285 ‚
343 2242 516 2279 tionibus
566 2243 709 2291 quibus
755 2245 909 2282 scholia
948 2246 1250 2284 Danielinorum
1296 2246 1488 2284 librorum
1534 2246 1695 2295 propria
1734 2245 1904 2296 vulgatis

345 2314 502 2351 adnexa
535 2327 620 2352 esse
652 2315 844 2361 videmus,
880 2316 1020 2354 iisdem
1044 2317 1200 2356 Servius
1227 2330 1317 2355 usus
1351 2326 1409 2355 est
1443 2319 1503 2356 vel
1536 2319 1588 2356 ad
1621 2318 1903 2356 memorabiles

342 2396 401 2421 res
435 2385 640 2423 addendas
673 2387 735 2424 vel
769 2387 820 2425 ad
853 2388 1029 2426 diversas
1063 2390 1278 2427 sententias
1312 2390 1574 2439 proferendas
1607 2391 1669 2428 vel
1712 2390 1765 2428 ad
1809 2401 1903 2427 con-

342 2455 571 2494 tinuandam
605 2458 893 2507 expositionem
927 2459 1008 2498 sive
1041 2462 1449 2510 argumentationem:
1486 2469 1527 2499 ut
1560 2461 1738 2500 Servium
1773 2461 1901 2511 ipsum

342 2528 373 2564 is
406 2528 472 2576 qui
504 2529 721 2577 pleniorem
755 2532 1084 2570 commentarium
1118 2533 1344 2583 composuit
1367 2533 1546 2571 videatur
1578 2533 1753 2571 imitatus
1786 2537 1900 2572 esse‘.

345 2599 515 2637 Moleste
548 2600 652 2637 enim
685 2601 757 2638 fert
790 2603 899 2650 quod
932 2603 1089 2652 plenior
1122 2605 1280 2642 Servius
1313 2605 1432 2642 nimis
1465 2605 1516 2642 ad
1549 2617 1674 2642 novas
1713 2604 1903 2654 interpre-

343 2670 513 2707 tationes
561 2672 758 2709 Servianis
819 2674 1095 2723 adiungendas
1156 2680 1277 2720 ,sane‘
1324 2676 1561 2726 particulam
1623 2676 1900 2726 frequentavit,

343 2741 413 2777 etsi
454 2753 534 2778 non
576 2750 694 2792 negat
738 2756 856 2793 saepe
900 2745 1018 2782 etiam
1066 2747 1172 2796 apud
1218 2759 1307 2784 eum
1353 2747 1451 2785 illud
1497 2752 1620 2793 ,sane‘
1666 2760 1778 2785 suam
1822 2747 1902 2785 vim

343 2811 500 2850 habere.
566 2814 704 2852 Paucis
737 2815 853 2864 igitur
884 2817 982 2853 locis
1017 2823 1138 2863 ,sane‘
1165 2818 1284 2855 Thilo
1325 2818 1472 2856 delevit
1515 2827 1634 2868 atque
1662 2818 1901 2868 quibusdam

486 2985 525 3026 ²¹¹)
551 2988 593 3019 cs.
631 2990 780 3030 exempla
812 3002 896 3032 quae
936 2993 981 3023 ibi
1019 2993 1122 3024 Thilo
1161 2993 1280 3026 attulit.
1322 2995 1399 3035 Ag,
1431 2994 1501 3035 670
1541 2993 1680 3039 ‚dextra‘
1711 3005 1770 3036 pro
1808 2995 1901 3036 ,dex-

343 3046 440 3078 tram‘
469 3047 670 3080 librariorum
698 3060 805 3081 errore
832 3053 986 3093 scriptum
1013 3059 1077 3090 est.

2020 1577 2023 1587 -
2020 1551 2023 1564 -
2015 1305 2023 1540 -ᾏᾸμ--ιᾼφ-..μμ
