2023 3543
991 231 1257 267 *3.-

345 370 439 400 nota
481 371 538 401 est
587 362 696 410 quod
731 363 919 398 Saturnus
955 391 961 397 .
992 391 998 397 .
1034 359 1242 403 voraverit,
1282 390 1288 397 .
1328 390 1334 396 .
1371 365 1408 396 et
1456 358 1566 407 quod
1600 388 1608 396 .
1645 388 1651 395 .
1687 356 1902 396 obtulerit‘.

494 438 678 483 Quocum
703 432 884 480 congruit
910 431 1172 476 ,manifestum
1193 431 1287 479 quia
1309 431 1451 480 (quod)
1467 431 1552 468 sim‘
1573 443 1676 479 quae
1702 430 1903 479 Cypriano

346 507 485 543 usitata
532 518 617 543 esse
652 500 850 553 Kelter33)
873 502 1020 540 docuit.
1056 505 1211 551 Agmen
1235 502 1394 538 claudat
1418 503 1448 538 A
1473 504 1512 548 8,
1534 504 1612 550 625
1632 514 1638 540 :
1666 510 1902 550 ,opportune

345 591 438 626 ergo
491 577 581 614 fecit
614 575 810 624 Vergilius
863 574 958 622 quia
1006 578 1057 611 .‚‘
1095 573 1201 621 Quia
1254 580 1384 610 autem
1438 587 1507 622 pro
1542 573 1681 621 ,quod‘
1730 573 1901 622 positum

345 649 539 686 invenitur
571 647 677 695 apud
711 647 819 682 Lact.
855 646 925 689 IV,
953 658 1014 690 12,
1042 648 1115 691 183
1148 646 1197 688 V,
1226 657 1287 692 17,
1309 657 1386 693 303
1431 646 1501 689 VI,
1526 658 1591 690 22,
1612 656 1662 693 33
1697 651 1903 694 praeterea

345 720 449 769 apud
473 718 771 762 Tertullianum,
799 716 1054 765 Cyprianum,
1080 716 1347 764 Fulgentium,
1373 716 1591 765 Sulpicium
1639 711 1903 766 Severinum&

486 791 545 827 De
578 802 635 838 pr
650 802 673 826 o
690 802 714 825 n
732 802 755 825 o
773 787 904 825 mini
923 788 947 825 l)
963 800 1017 825 us
1041 787 1211 825 sufficiat
1233 788 1368 837 paucis
1392 788 1665 826 demonstrare
1683 788 1903 838 pleniorem

346 862 523 900 Servium
573 873 698 909 aeque
747 867 865 909 atque
899 860 1104 909 Hyginum
1157 860 1272 897 nimis
1321 860 1484 909 copiose
1527 860 1707 909 posuisse
1740 860 1903 898 demon-

346 929 588 983 strativast⁰>
647 932 866 969 Videamus
900 931 1016 981 igitur
1048 932 1164 970 haec:
1201 932 1250 981 <A
1277 945 1309 977 1,
1333 932 1449 981 270):
1486 932 1551 977 ‚ad
1585 944 1706 980 quam
1737 931 1903 984 (Albam

344 1007 540 1053 Longam)
589 1016 678 1040 cum
724 1004 774 1040 de
821 1003 990 1040 Lavinio
1038 1003 1093 1040 dii
1138 1005 1305 1041 Penates
1353 1003 1530 1041 translati
1575 1011 1692 1042 nocte
1724 1003 1905 1053 proxima

345 1076 553 1113 Lavinium
604 1075 810 1120 redissent,
860 1083 980 1123 atque
1028 1087 1097 1112 eos
1147 1075 1277 1113 denuo
1326 1076 1472 1113 Albam
1511 1075 1707 1113 Ascanius
1739 1082 1903 1113 transtu-

343 1148 461 1191 lisset,
497 1153 534 1184 et
582 1146 637 1183 illi
686 1146 824 1183 iterum
872 1146 1068 1184 redissent
1101 1146 1323 1192 Lavinium,
1363 1160 1431 1185 eos
1465 1160 1625 1185 manere
1658 1160 1798 1196 passus
1831 1146 1902 1193 est,

343 1218 444 1256 datis
469 1219 535 1266 qui
560 1218 678 1255 sacris
702 1225 929 1267 praeessent
953 1231 1128 1268 agroque
1152 1219 1206 1257 eis
1240 1219 1451 1269 adsignato
1485 1232 1564 1268 quo
1604 1232 1645 1257 se
1677 1215 1903 1270 alerent‘⁴¹)

343 1291 404 1327 vel
440 1290 556 1327 haec:
593 1289 640 1338 (A
667 1303 700 1334 2,
726 1291 842 1338 566):
881 1292 987 1334 ,Post
1021 1290 1125 1327 hunc
1159 1304 1311 1328 versum
1345 1291 1384 1328 hi
1412 1304 1544 1329 versus
1578 1292 1734 1329 fuerunt
1766 1291 1833 1340 qui
1868 1321 1900 1329 ..

343 1361 455 1398 obliti
508 1362 609 1398 sunt‘
660 1362 719 1399 vel
769 1361 1052 1411 <A10‚567):
1091 1363 1304 1409 ,Homerus
1353 1362 1450 1400 nihil
1498 1362 1594 1400 dicit
1643 1363 1750 1401 aliud
1783 1375 1900 1411 quam

343 1441 499 1470 centum
534 1446 674 1470 manus
707 1445 795 1470 eum
829 1433 1016 1471 habuisse
1049 1442 1086 1471 et
1118 1434 1263 1472 auxilio
1297 1447 1385 1472 eum
1415 1434 1504 1484 Jovi
1536 1435 1723 1472 adversus
1756 1435 1902 1484 Neptu·

342 1517 448 1548 num,
493 1506 690 1553 junonem
738 1512 775 1542 et
811 1505 1032 1542 Minervam
1067 1505 1200 1543 fuisse‘
1246 1507 1307 1543 vel
1341 1505 1391 1555 (A
1417 1520 1479 1550 11,
1503 1502 1592 1560 80):
1629 1513 1684 1552 ,ut
1722 1519 1768 1544 ea
1801 1505 1900 1556 (scil.

343 1576 591 1625 ornamenta)
615 1583 809 1613 mortuum
844 1589 932 1614 eum
967 1577 1311 1615 condecorarent.‘

486 1647 614 1684 Etiam
668 1647 705 1684 in
770 1660 840 1685 usu
893 1648 1142 1697 pronominis
1202 1650 1472 1688 reflexivi
1525 1649 1680 1699 plenior
1747 1649 1902 1687 Servius

343 1718 523 1767 peccavit
570 1726 708 1756 contra
755 1732 892 1768 purum
940 1732 1186 1760 sermonem:
1229 1734 1476 1770 supervacuo
1511 1721 1615 1759 enim
1649 1728 1768 1770 atque
1802 1721 1901 1758 falso

342 1789 511 1838 positum
561 1798 618 1827 est
667 1791 716 1827 ab
751 1804 798 1828 eo
831 1793 866 1827 A
892 1803 1051 1838 1,720:
1105 1793 1197 1837 ,Sed
1246 1806 1334 1830 cuin
1382 1793 1572 1842 virginem
1621 1799 1804 1842 parentes
1842 1792 1900 1830 sui

343 1861 408 1898 alii
443 1859 840 1912 despondissent‘sffl)
903 1864 1043 1912 Neque
1076 1864 1204 1901 minus
1239 1865 1411 1902 alienum
1445 1871 1503 1903 est
1536 1865 1587 1902 ab
1622 1877 1694 1902 usu
1726 1863 1901 1902 florentis

342 1932 544 1970 latinitatis
578 1934 686 1982 quod
718 1935 753 1971 A
775 1948 811 1983 9,
839 1946 912 1984 115
950 1935 1126 1984 scripsit:
1154 1943 1203 1981 ,et
1238 1936 1379 1982 effecit,
1405 1944 1445 1974 ut
1477 1937 1646 1974 cultores
1679 1936 1738 1974 sui
1769 1935 1901 1973 viriles

342 2004 416 2041 sibi
435 2012 563 2053 partes
587 2008 861 2054 amputarent'.
927 2007 1067 2055 Neque
1086 2007 1191 2046 enim
1225 2008 1416 2046 adhibere
1434 2008 1571 2046 debuit
1589 2007 1628 2045 in
1646 2007 1902 2045 consecutiva

343 2076 537 2113 sententia
569 2090 790 2125 pronomen
825 2078 1065 2122 reflexivum,
1101 2080 1211 2127 quod
1245 2080 1407 2128 quidem
1442 2080 1492 2118 ad
1525 2079 1702 2124 verbum,
1737 2079 1787 2116 de
1821 2091 1900 2128 quo

343 2154 424 2183 tota
470 2148 663 2185 sententia
712 2149 871 2197 pendet,
914 2149 1108 2198 pertinere
1142 2150 1207 2188 ille
1239 2152 1369 2189 vellet.
1436 2152 1529 2200 Quo
1563 2151 1723 2200 insuper
1754 2152 1900 2189 factum

343 2225 413 2263 est,
464 2226 503 2256 ut
550 2218 655 2255 idem
713 2232 934 2268 pronomen
983 2221 1042 2257 bis
1087 2222 1272 2271 scriptum
1308 2223 1347 2260 in
1382 2236 1456 2260 una
1491 2223 1688 2261 sententia
1718 2223 1770 2261 ad
1803 2223 1900 2261 duas

343 2301 532 2337 personas
565 2290 760 2339 respiciat.

486 2362 607 2399 Plane
660 2363 898 2400 contrarium
948 2364 1114 2412 legimus
1148 2368 1181 2402 A
1208 2379 1269 2410 11,
1295 2379 1398 2415 243:
1432 2397 1464 2411 ,.
1489 2367 1566 2404 ‚de
1614 2379 1656 2405 se
1700 2366 1798 2404 dixit
1849 2378 1899 2404 ne

343 2432 377 2468 ei
416 2427 470 2484 (id
494 2440 550 2470 est
574 2433 665 2483 sibi)
699 2435 948 2473 obiceretur‘.

486 2504 647 2541 Notabo
710 2505 856 2544 deinde
917 2507 1132 2556 singularia
1195 2509 1393 2558 quaedam
1438 2522 1541 2558 quae
1594 2518 1805 2548 occurrunt
1858 2509 1898 2547 in

342 2574 609 2612 adverbii
661 2589 753 2615 usu:
816 2577 987 2615 Primum
1052 2580 1178 2625 enini,
1241 2581 1272 2617 si
1327 2581 1481 2630 scripsit
1538 2582 1693 2630 plenior
1742 2582 1899 2621 Servius

485 2783 526 2829 ³⁸)
555 2786 597 2817 cf.
628 2787 751 2825 Kelter,
784 2799 861 2829 pag.
892 2797 948 2829 32.

486 2843 527 2886 3⁰)
556 2846 597 2879 cs.
630 2848 786 2889 Draeger,
816 2848 872 2885 IV,
895 2849 972 2882 226.

484 2902 526 2947 ⁴⁰)
554 2905 595 2936 cs.
625 2906 837 2949 Tschiasmy,
866 2918 941 2948 pag.
976 2915 1014 2948 17
1041 2920 1090 2951 sq.

485 2961 526 3006 ⁴¹)
554 2965 715 2996 Nimirum
744 2967 787 2997 ita
813 2967 950 3006 scripsit,
982 2973 1016 2998 ut
1042 2980 1107 3000 rem
1135 2981 1232 3011 quam
1261 2971 1562 3004 manifestissimam
1590 2973 1753 3005 redderet.

485 3020 528 3064 ⁴¹²)
555 3024 596 3054 cf.
626 3024 827 3066 'l‘schiassny
854 3037 887 3066 p.
922 3027 974 3057 16.
