2023 3543
413 373 449 405 2,
473 371 570 410 445,
609 371 708 408 729;
746 371 783 406 3,
810 368 894 405 470
929 363 1004 395 etc.
1046 358 1223 406 Apparet
1255 356 1374 406 igitur
1389 368 1520 406 neque
1538 355 1723 395 Thilonis
1740 355 1951 406 opinion
1998 371 1999 374 ¹

409 432 602 469 firmatam
634 441 732 477 esse,
767 435 808 466 ut
839 429 969 466 valeat
1001 428 1053 466 ad
1086 427 1180 465 certi
1204 427 1418 476 quicquam
1451 428 1705 466 statuendum
1736 439 1870 477 neque
1901 439 1926 466 e
1946 417 1969 468 ’,ἶ
1994 421 1999 441 ⁸

408 502 597 550 exemplis
631 502 788 538 firmata
820 507 934 543 esset,
970 499 1054 537 fieri
1087 511 1219 548 posse,
1254 505 1296 536 ut
1328 499 1582 547 colligeretur
1616 512 1706 537 eum
1739 498 1808 549 qui
1841 511 2001 550 pers-231

407 574 548 611 naliter
578 573 799 622 scripsisset
831 584 879 610 eo
912 571 980 620 qui
1013 571 1331 621 impersonaliter
1362 571 1609 620 superiorem
1642 584 1742 610 esse.
1973 557 1998 630 Δὶ

549 644 708 682 Deinde
757 642 829 681 etsi
873 642 1005 680 variae
1049 642 1227 680 eiusdem
1267 641 1324 680 rei
1366 641 1712 691 interpretationes
1756 654 1878 693 saepe
1921 642 2003 685 ab

406 722 574 764 utroque
606 714 742 753 Servio
780 713 894 759 ,aliis‘
927 713 989 750 vel
1025 712 1294 762 ,quibusdam‘
1330 713 1609 760 attribuuntur,
1655 720 1790 753 tamen
1821 714 1978 764 aliquo.

406 787 504 824 locis
537 786 694 824 brevior
727 784 882 822 Servius
923 796 1060 822 eorum
1106 796 1275 833 quorum
1321 784 1538 823 sententias
1583 785 1760 835 protulit,
1807 785 1974 830 nomina

406 858 551 907 posuit,
587 857 625 894 in
659 856 905 905 plenioribus
939 862 1070 894 autem
1103 855 1214 894 libris
1249 856 1391 895 eadem
1426 857 1478 895 ad
1512 863 1642 895 certos
1675 863 1858 896 auctores
1890 842 1983 896 non*

406 924 708 977 revocantur¹⁸).
815 927 972 966 Etenim
1018 940 1163 966 novem
1209 928 1321 966 locos
1368 929 1632 970 enumeravit.
1660 928 1782 967 Thilo
1827 929 1978 980 quibus.

406 1000 528 1037 verba
561 1013 583 1037 a
616 998 795 1036 breviore
829 998 965 1036 Servio
999 999 1168 1037 Urbano
1212 1000 1275 1037 vel
1315 1001 1475 1038 Donato
1521 1000 1684 1039 addicta
1728 1013 1752 1039 a
1792 1001 1975 1051 pleniore

409 1070 521 1117 ,aliis‘
556 1071 616 1108 vel
650 1070 920 1119 ,quibusdam‘
955 1070 1190 1109 tribuuntur.
1257 1071 1388 1120 Quam
1422 1071 1688 1110 differentiam
1719 1072 1761 1110 in
1793 1084 1874 1111 uno
1907 1085 1973 1114 co-

407 1143 496 1180 dice
529 1141 772 1179 floriacensi
805 1141 936 1180 inesse
968 1141 1204 1188 monuerim,
1251 1156 1343 1180 nam
1378 1142 1477 1180 nihil
1509 1155 1686 1192 unquam
1719 1143 1773 1182 de
1803 1144 1977 1184 aliorum

406 1213 592 1263 plenioris
639 1213 764 1251 Servii
808 1213 994 1251 codicum
1040 1213 1214 1252 lectione
1259 1214 1378 1252 Thilo
1424 1211 1699 1266 adnotavit¹9).
1785 1216 1972 1256 Fortasse

406 1285 522 1334 igitur
544 1285 725 1323 librarius
747 1285 913 1322 nomina
938 1285 1084 1331 omisit,
1118 1298 1200 1323 non
1223 1293 1528 1324 commentator.
1594 1287 1675 1326 Sed
1698 1287 1793 1326 nolo
1816 1300 1968 1340 urgere.
1984 1287 1985 1290 ’
2011 1309 2013 1345 4

407 1357 610 1394 Mittamus
643 1369 725 1395 rem
759 1356 964 1404 lubricam,
1003 1369 1050 1395 ex
1084 1369 1165 1406 qua
1195 1369 1247 1396 ne
1278 1357 1398 1395 ⁷lhilo
1431 1357 1594 1407 quidem
1627 1359 1723 1397 certi
1756 1360 1903 1410 quicqu
1953 1350 1957 1354 ’

406 1429 647 1467 concludere
669 1428 805 1466 voluit.
839 1429 932 1466 Hoc
951 1428 1228 1477 gravissimum
1247 1436 1317 1475 est,
1342 1429 1453 1478 quod
1471 1429 1572 1468 inter
1587 1430 1692 1469 viros
1714 1431 1856 1470 doctos
1879 1444 1900 1470 c
1922 1445 1962 1474 n·
2002 1468 2009 1482 μ

406 1507 481 1537 stat
522 1500 561 1537 in
603 1499 840 1538 testimoniis
883 1499 1074 1549 plenioris
1119 1501 1244 1538 multo
1286 1501 1478 1539 maiorem
1537 1513 1624 1541 esse
1678 1502 1798 1541 fidem
1850 1515 1901 1553 qu

406 1571 596 1608 brevioris
603 1567 666 1620 20).
2001 1611 2011 1633 ,γ

549 1643 689 1691 Neque
711 1642 883 1680 alienum
909 1650 967 1681 est
999 1643 1050 1681 ab
1078 1643 1155 1680 hac
1183 1655 1237 1690 re,
1275 1644 1398 1693 quod,
1435 1652 1475 1683 ut
1509 1645 1563 1682 ait
1590 1644 1710 1683 Thilo
1743 1658 1832 1695 pag.
1856 1613 1995 1693 XJVI,

409 1715 526 1759 ,haud
565 1714 702 1764 paucis
745 1714 844 1752 locis
889 1727 992 1764 quae
1033 1715 1073 1752 in
1122 1716 1302 1754 breviore
1348 1716 1637 1754 commentario
1670 1716 1778 1755 dicta
1809 1708 1967 1786 suntlin

406 1786 650 1835 plenioribus
682 1786 792 1824 libris
824 1786 1014 1824 iterantur
1035 1787 1157 1836 idque
1190 1787 1245 1826 ita
1276 1801 1358 1826 non
1382 1800 1578 1837 nusquam
1604 1796 1645 1826 ut
1678 1788 1791 1835 ,aliis‘
1824 1787 1968 1828 tributa
1992 1775 2012 1813 ,2'

406 1858 511 1895 sint‘.
2012 1896 2013 1899 ,

549 1930 621 1968 Cui
653 1930 789 1979 generi
821 1938 928 1969 recte
961 1931 1174 1981 adscripsit
1205 1933 1242 1969 A
1271 1945 1304 1977 1,
1330 1934 1442 1982 4483
1487 1946 1522 1978 2,
1549 1933 1632 1982 348
1666 1943 1798 1981 neque
1828 1930 1967 1970 dubito
1992 1921 2021 1990 ’,Ἰ

407 2002 501 2051 quin
547 2002 630 2040 iure
677 2015 724 2040 ea
768 2002 951 2051 pleniora
996 2003 1108 2041 uncis
1155 2002 1370 2042 incluserit.
1439 2004 1549 2042 Alios
1582 2004 1694 2042 locos
1727 2003 1969 2042 enumeravit
1991 1995 2022 2072 ‘j

407 2074 526 2110 Thilo
560 2074 704 2122 quibus
737 2086 819 2112 non
852 2074 1044 2112 iterantur
1085 2075 1136 2112 ab
1178 2075 1256 2112 hoc
1298 2087 1401 2124 quae
1442 2075 1493 2113 ab
1533 2075 1601 2113 illo
1633 2082 1852 2122 narrantur,
1895 2074 1967 2113 sed
2001 2084 2005 2087 ⁴

407 2145 550 2182 similia
591 2152 824 2193 argumenta
862 2146 981 2195 plane
1023 2145 1189 2184 diversis
1231 2146 1361 2184 verbis
1395 2147 1446 2184 ab
1479 2153 1649 2196 utroque
1681 2146 1872 2197 scriptore
1902 2158 1969 2185 ex·

407 2216 615 2265 plicantur,
663 2217 769 2254 velut
813 2218 849 2254 A
888 2230 921 2262 1,
967 2219 1074 2264 462:
1131 2217 1344 2269 ,Mortalia]
1382 2219 1570 2264 adversa,
1625 2219 1769 2268 quibus
1812 2224 1969 2257 constat

407 2288 611 2326 subiacere
644 2289 843 2327 mortales.
907 2290 993 2326 Alii
1033 2291 1207 2328 mortales
1251 2302 1357 2328 casus
1394 2292 1585 2341 accepim&
1628 2290 1689 2328 vel
1722 2290 1882 2328 absolute
1909 2288 1968 2332 τοὶ
2007 2323 2021 2347 ,3

407 2357 707 2415 dm‘lpaimva‘.
2012 2415 2015 2424 ι

549 2431 657 2469 Nihil
690 2432 822 2470 obstat
855 2433 1067 2482 quominus
1100 2433 1200 2472 haec
1233 2446 1253 2471 e
1287 2433 1453 2472 diversis
1477 2433 1688 2488 desumpta
1718 2440 1758 2471 ut
1790 2432 1968 2472 diversae
1995 2430 2014 2467 ‘l

407 2501 740 2551 interpretationis
785 2504 1006 2553 specimina
1049 2518 1148 2542 unus
1195 2512 1487 2544 commentator
1528 2505 1742 2554 collegerit.
1814 2505 1967 2543 Eadem
2008 2558 2010 2563 Α

408 2586 467 2611 res
510 2581 567 2611 est
604 2574 644 2611 in
685 2574 770 2612 aliis
813 2575 998 2613 Thilonis
1039 2577 1253 2626 exemplis:
1308 2590 1344 2623 2,
1390 2590 1458 2626 99,
1502 2578 1594 2623 126,
1631 2578 1737 2626 6443
1788 2590 1827 2626 3,
1860 2578 1966 2627 466;

409 2646 446 2688 8,
482 2646 578 2691 406.

550 2716 709 2754 Deinde
731 2718 767 2754 A
791 2718 829 2763 8,
869 2731 949 2756 220
983 2718 1233 2757 brevioribus
1265 2718 1396 2757 verbis
1430 2730 1535 2767 quae
1568 2726 1680 2757 sunt:
1718 2722 1967 2769 „gravatum‘

552 2912 593 2954 18)
622 2915 736 2956 Thilo,
765 2927 843 2958 pag.
872 2917 952 2948 XIV
978 2928 1028 2959 sq.

553 2972 592 3017 ¹9)
620 2975 748 3005 Dubius
774 2975 865 3006 locus
892 2978 920 3007 A
939 2986 970 3015 2,
1004 2977 1069 3017 798
1085 2988 1102 3008 e
1128 2977 1282 3008 Parisino
1314 2984 1402 3018 1750
1428 2978 1618 3020 desumptus
1644 2989 1716 3010 esse
1742 2979 1881 3012 videtur.

551 3031 594 3080 ²⁰)
622 3034 732 3073 Thilo,
763 3046 797 3077 p.
827 3036 956 3067 XXXII
984 3042 1016 3068 et
1041 3048 1121 3079 pag.
1149 3037 1309 3070 XXXIV.
