2023 3543
693 242 750 249 .-
817 230 988 269 15,-

63 351 264 402 scripserit
278 347 351 401 ⁸⁰):
389 351 511 395 ,cuius
535 350 588 388 rei
611 349 819 397 vestigium
852 354 910 387 est
943 348 1053 397 quod
1084 347 1285 396 hodieque
1318 345 1546 394 quindecim
1571 344 1621 380 vi—

64 435 195 460 rorum
245 421 406 459 cortinis
446 421 644 471 delphinis
677 420 716 458 in
750 432 904 457 summo
937 419 1096 468 ponitur
1129 426 1166 456 et
1198 417 1325 468 pridie
1358 429 1475 466 quam
1509 415 1622 452 sacri-

65 494 196 532 ficium
233 493 383 531 faciunt
418 523 451 530 ..
486 492 579 541 quia
612 491 839 541 quindecim
872 490 941 527 viri
974 490 1164 527 librorum
1199 488 1483 537 Sibyllinorum
1533 494 1621 524 sunt

64 564 284 603 antistites!

209 635 330 673 Haud
364 636 487 673 multo
520 634 676 684 longius
710 641 892 683 praetura
925 633 1075 670 urbana
1107 631 1332 681 perduravit
1368 642 1470 680 quae
1503 629 1620 678 impe-

66 707 124 744 rio
157 707 344 744 Romano
378 707 510 744 deleto
560 706 709 743 abolita
743 700 884 754 est⁸¹):
932 704 1089 753 plenior
1137 711 1265 740 autem
1301 702 1456 739 Servius
1505 701 1624 738 habet

66 765 159 822 AS,
184 778 286 826 276:
325 789 467 827 ,neque
515 777 593 815 alia
639 777 779 814 fronde
819 772 923 828 (scil.
961 775 1033 812 nisi
1069 774 1194 824 lauro)
1242 773 1461 810 circumdat
1508 778 1625 821 caput

67 856 224 898 praetor
255 849 442 894 urbanus,
477 848 544 897 qui
579 848 734 885 Graeco
767 847 839 884 ritu
873 846 1095 883 sacrificata

208 920 445 970 Lupercalia
478 927 607 958 autem
641 930 742 968 quae
775 923 1062 955 commemorat
1110 917 1215 954 idem
1263 914 1315 963 (A
1336 918 1373 961 8,
1396 915 1521 964 343):
1573 921 1625 958 ,ut

67 992 268 1041 hodieque
299 991 396 1029 nudi
429 995 598 1028 currant‘
619 989 718 1039 (scil.
746 989 783 1026 in
808 984 1088 1041 lupercalibus)
1108 1000 1214 1024 anno
1239 988 1334 1024 ΥΠ)
1368 1000 1391 1024 a
1425 986 1587 1024 Gelasio
1610 987 1625 1022 Ι

69 1063 260 1113 episcopo
305 1069 453 1100 mutata
487 1074 572 1100 esse
605 1061 785 1098 novimus
799 1056 850 1113 ⁸²)
884 1059 923 1096 in
956 1059 1109 1097 Mariae
1142 1058 1423 1108 expiationem.

210 1135 333 1171 Porro
365 1133 554 1182 inspicias
580 1134 612 1169 A
629 1145 667 1179 4,
692 1142 793 1178 242:
832 1133 893 1176 ,Et
917 1131 1116 1180 hodieque
1135 1138 1214 1167 tam
1249 1130 1482 1167 athletarum
1506 1142 1624 1178 quam

69 1205 334 1256 gladiatorum
370 1204 587 1242 certamina
619 1203 729 1252 virga
774 1203 1034 1240 dirimuntur‘.
1100 1202 1312 1250 Quaeritur
1343 1201 1459 1250 igitur
1506 1213 1625 1249 quam

70 1278 122 1315 ad
154 1283 324 1315 aetatem
342 1272 394 1325 ⁸3)
427 1275 691 1325 gladiatorum
726 1274 944 1312 certamina
978 1275 1134 1311 Romae
1168 1281 1287 1322 atque
1329 1273 1367 1309 in
1413 1272 1627 1321 provinciis

71 1348 290 1386 extiterint:
347 1347 429 1385 ludi
461 1346 686 1396 gladiatorii
726 1353 870 1390 autem,
906 1345 938 1382 si
971 1345 1282 1382 Friedlaendero
1297 1339 1348 1389 Μ)
1383 1343 1450 1392 qui
1483 1343 1533 1380 de
1568 1343 1627 1380 his

70 1419 188 1457 rebus
239 1419 318 1469 egit
365 1419 464 1456 fides
497 1419 676 1463 habetur,
712 1417 750 1454 in
784 1417 935 1455 oriente
968 1423 1106 1466 quarto
1139 1415 1297 1453 saeculo
1331 1422 1497 1452 exeunte
1545 1414 1627 1451 fieri

72 1491 277 1529 desierunt
324 1502 455 1539 neque
510 1490 634 1527 multo
682 1488 839 1538 longius
887 1488 926 1525 in
961 1487 1174 1525 occidente
1221 1486 1316 1524 editi
1349 1493 1460 1523 sunt:
1496 1486 1629 1534 itaque

73 1575 121 1600 ex
157 1563 233 1600 hac
266 1574 428 1611 quoque
462 1573 502 1599 re
535 1560 713 1610 sequitur
745 1559 963 1609 pleniorem
998 1558 1174 1596 Servium
1209 1566 1315 1596 certe
1349 1565 1440 1595 ante
1482 1570 1627 1595 annum

71 1635 144 1672 LD
178 1633 393 1683 scripsisse.

215 1705 325 1743 Idem
377 1703 534 1742 Servius
580 1715 709 1753 pauca
763 1703 812 1740 de
871 1702 1038 1752 imperio
1086 1703 1273 1739 Romano
1321 1701 1468 1750 profert
1516 1699 1628 1749 quasi

72 1776 190 1815 etiam
242 1783 336 1814 tunc
369 1775 465 1813 illud
499 1782 621 1813 extet:
656 1774 723 1823 (G.
750 1773 899 1822 1‚102)
934 1785 1033 1818 ,esse
1065 1773 1182 1811 etiam
1220 1773 1399 1821 Gargara
1431 1772 1628 1809 civitatem

72 1848 111 1886 in
144 1847 346 1886 radicibus
370 1847 465 1885 Idae
493 1846 637 1884 montis
657 1845 696 1882 in
720 1845 925 1895 provincia
949 1845 1102 1882 Moesia
1135 1844 1266 1882 Asiae‘
1301 1850 1338 1882 et
1356 1843 1420 1893 (G.
1449 1857 1481 1891 1,
1508 1843 1627 1893 109):

74 1926 126 1965 ,et
149 1919 255 1969 apud
292 1919 476 1967 antiquos
500 1925 538 1956 et
569 1917 772 1966 hodieque
804 1917 843 1954 in
877 1916 1074 1965 aliquibus
1108 1911 1432 1965 provinciisfssfi}

215 1990 348 2028 Alium
381 1989 593 2028 terminum
628 1995 718 2026 ante
752 2000 869 2037 quem
903 1987 1102 2036 scripserit
1133 1987 1289 2036 plenior
1318 1986 1488 2031 Servius,
1522 1998 1629 2035 repe-

80 2062 130 2100 rit
166 2057 423 2112 Thomas.⁸⁶)
471 2061 574 2098 Nam
614 2060 664 2098 G.
700 2074 733 2106 1,
772 2061 849 2097 262
898 2058 1226 2096 commemoravit
1274 2057 1466 2102 Altinum,
1521 2057 1629 2106 quod

73 2133 267 2183 oppidum
306 2133 450 2171 scimus
483 2144 588 2170 anno
622 2131 729 2170 DCL
763 2143 848 2169 esse
880 2131 1065 2168 deletum.

216 2207 300 2243 Iam
334 2205 372 2242 in
396 2204 529 2242 animo
562 2203 680 2241 nobis
722 2210 779 2241 est
811 2215 880 2240 eos
912 2203 1024 2239 locos
1057 2213 1288 2238 enumerare
1322 2200 1464 2250 quibus
1505 2199 1632 2249 agitur

71 2277 122 2316 de
154 2276 292 2314 statuis
325 2276 482 2325 templis
515 2274 781 2313 monumentis
820 2286 935 2323 quae,
986 2280 1026 2310 ut
1069 2272 1224 2322 plenior
1257 2271 1413 2310 Servius
1447 2271 1628 2316 affirmat,

211 2489 259 2533 so)
285 2489 328 2522 cf.
356 2488 520 2532 Thomas,
549 2498 625 2529 pag,
658 2494 734 2525 124.

213 2558 259 2604 ⁸¹)
285 2560 327 2597 cf,
352 2560 488 2597 Becker¹
519 2560 589 2600 11,3
616 2569 651 2600 p.
681 2558 762 2590 260.

215 2630 256 2677 82)
283 2632 327 2664 cf.
355 2631 491 2669 Becker,
521 2631 578 2668 IV,
609 2629 691 2668 406.

214 2701 256 2748 ⁸³)
284 2704 362 2735 Non
400 2703 510 2740 video,
554 2713 608 2733 cur
641 2700 778 2742 Georgii
806 2701 897 2742 (pag.
927 2698 1048 2743 21l22)
1086 2710 1124 2730 ex
1150 2698 1212 2730 hac
1239 2698 1457 2730 adnotatione
1483 2698 1630 2740 colligat,

74 2763 256 2805 pleniorem
294 2762 443 2795 Servium
486 2761 636 2793 australis
678 2761 822 2802 regionis
864 2760 1009 2791 incolam
1054 2757 1165 2800 fuisse,
1206 2758 1364 2799 quoniam
1403 2758 1435 2788 in
1477 2758 1633 2788 omnihus

72 2822 250 2865 provinciis
276 2822 405 2863 imperii
430 2821 574 2853 Romani
601 2821 647 2851 illi
674 2820 743 2851 ludi
770 2819 846 2850 facti
873 2824 960 2850 suut.

217 2891 260 2938 84)
287 2892 585 2934 Sittengesehichte
617 2892 720 2922 Roms
746 2891 788 2929 11,
808 2899 878 2929 420
904 2901 954 2931 sq.

215 2950 258 2994 ⁸5)
285 2952 330 2984 cs.
360 2953 391 2983 A
412 2951 518 2993 3,587
545 2958 576 2983 et
605 2958 636 2991 7,
674 2950 750 2982 188.

216 3009 261 3056 ⁸⁰)
287 3011 332 3044 cf.
361 3021 442 3053 pag.
473 3016 528 3052 52.
