2023 3543
777 259 1069 295 ..47-

293 377 473 414 Transeo
497 375 549 414 ad
573 377 606 413 A
633 387 670 425 5,
694 389 779 422 404
815 376 962 421 ,Animi
986 376 1198 428 tantorum}
1226 379 1286 415 lu'c
1304 379 1602 427 dzktinguendum
1637 379 1713 416 hoc

151 455 209 486 est
240 448 410 485 virorum
444 447 602 484 fortium
634 459 725 495 quos
771 461 931 496 aequum
978 462 1050 486 mm
1083 454 1167 486 erat
1202 463 1342 496 magna
1377 451 1527 487 mirari.
1592 451 1712 487 Unde

151 519 306 558 addidit
339 526 446 565 ,ante
479 531 618 557 omnes
661 526 791 568 stupet
837 519 922 568 ipse
967 521 1128 561 Dares¹:
1171 533 1262 558 nam
1296 522 1454 558 stultum
1490 528 1547 558 est
1579 521 1712 559 dicere

150 598 360 637 ,tantorum
395 591 530 628 boum‘
554 602 645 628 cum
677 590 819 628 dixerit
851 596 1031 640 septenis
1096 592 1235 640 Inepte
1268 593 1399 630 omisit
1432 593 1594 630 brevior
1627 593 1710 630 Ser-

148 662 233 699 vius
269 662 346 706 ,hic
392 662 746 711 distinguendum‚‘
795 674 884 699 cum
927 661 1104 699 eiusdem
1149 675 1254 706 ,nam
1297 664 1456 700 stultum
1489 672 1546 701 est
1579 664 1712 702 dicere

113 759 116 763 ⁴
148 739 347 771 tantorum
381 733 515 771 boum‘
550 734 605 771 ita
636 745 754 771 sensu
787 745 945 770 cassum
978 733 1178 770 reddatur.
1244 734 1401 771 Etenim
1437 747 1515 783 quo
1558 743 1711 784 spectat

147 804 341 854 particula
373 804 519 850 ,nam‘?
553 805 640 854 quis
683 805 872 854 cogitavit
915 805 965 842 de
1000 812 1212 849 ,tantorum
1260 805 1425 842 boum‘?
1470 818 1601 850 neum,
1636 807 1710 843 nisi

147 876 303 925 plenior
325 876 483 914 Servius
507 876 656 926 quippe
678 876 746 925 qui
769 875 932 920 diceret,
968 876 1033 912 hic
1057 888 1142 913 esse
1166 876 1504 925 distinguendum.
1571 877 1710 926 Neque

146 947 265 986 video
290 960 370 996 quo
408 948 655 997 pertineant:
692 947 811 992 ,unde
835 948 991 985 addidit
1015 955 1120 993 ,ante
1144 960 1282 985 omnes
1305 955 1434 996 stupet
1452 948 1536 997 ipse
1556 950 1709 993 Dares,‘

146 1019 221 1056 nisi
262 1019 313 1056 ad
358 1019 549 1068 plenioris
596 1019 724 1057 Servii
758 1020 901 1058 verba:
948 1031 1062 1068 ,quos
1103 1031 1274 1068 aequum
1318 1031 1400 1056 non
1441 1027 1521 1056 erat
1565 1033 1710 1068 magna

147 1090 305 1128 mirari.‘

290 1174 475 1224 Sequitur
496 1176 531 1212 A
557 1176 594 1220 6,
625 1175 726 1212 288:
763 1174 1047 1223 ,Flammisque
1081 1181 1232 1211 armata
1256 1172 1481 1224 Chimaera]
1526 1175 1710 1223 siphon&

144 1250 180 1282 et
197 1246 393 1284 Echidnae
425 1259 493 1284 ore
516 1247 593 1292 leo,
625 1246 835 1296 postremis
867 1246 1044 1296 partibus
1068 1246 1205 1290 draco,
1230 1245 1362 1283 media
1395 1257 1540 1294 caprea
1573 1259 1707 1284 secun-

145 1318 239 1355 dum
263 1318 416 1356 fabulas
440 1318 522 1358 fuit.
578 1319 640 1356 Re
662 1331 755 1356 vera
787 1325 918 1356 autem
942 1330 1058 1355 mons
1082 1325 1139 1355 est
1162 1317 1340 1361 Ciliciae,
1376 1317 1484 1354 cuius
1508 1317 1708 1366 hodieque

146 1389 258 1428 ardet
291 1402 485 1428 cacumen
518 1390 626 1428 iuxta
659 1390 770 1439 quod
802 1397 891 1427 sunt
924 1390 1081 1437 leones;
1114 1389 1246 1427 media
1278 1396 1406 1427 autem
1441 1402 1588 1438 pascua
1621 1398 1709 1427 sunt

143 1474 241 1511 quae
279 1463 421 1511 capreis
461 1462 661 1499 abundant
703 1462 783 1500 ima
814 1474 908 1500 vero
941 1461 1087 1502 montis
1120 1461 1370 1510 serpentibus
1403 1461 1550 1510 plena.‘
1606 1462 1707 1498 Iniu-

142 1533 200 1571 ria
231 1533 390 1572 brevior
411 1533 567 1572 Servius
600 1534 720 1571 verba
753 1546 868 1583 ,quae
903 1533 1058 1582 capreis
1090 1533 1309 1570 abundant‘
1346 1545 1392 1570 ex
1415 1532 1594 1570 oratione
1628 1546 1706 1570 sus-

143 1605 242 1643 tulit.
294 1605 419 1653 Quod
451 1612 492 1643 ut
515 1606 783 1644 demonstrem
808 1605 1055 1654 comparabo
1079 1604 1331 1642 Chimaeram
1356 1617 1456 1656 quae
1489 1604 1538 1642 sit
1570 1617 1706 1642 secun—

143 1676 237 1713 dum
270 1676 447 1714 fabulam
481 1684 600 1726 atque
633 1689 737 1726 quae
769 1689 811 1715 re
843 1689 936 1715 vera
968 1689 1054 1714 esse
1087 1677 1265 1714 dicatur:
1301 1676 1380 1713 illic
1414 1685 1631 1714 monstrum
1666 1689 1707 1714 se

142 1755 317 1796 praestat
340 1749 451 1797 quod
474 1756 533 1787 est
555 1761 622 1787 ore
656 1749 732 1795 leo,
768 1749 980 1798 postremis
1014 1749 1190 1797 partibus
1224 1748 1360 1794 draco,
1387 1748 1518 1785 media
1542 1761 1705 1797 caprea:

142 1819 207 1857 hic
239 1827 370 1858 autem
403 1827 461 1858 est
493 1832 608 1858 mons
641 1820 817 1866 Ciliciae,
853 1827 971 1869 atque
1005 1821 1124 1869 plane
1157 1820 1372 1869 respondet
1405 1820 1563 1857 fabulae
1597 1820 1706 1869 quod

142 1890 250 1929 iuxta
282 1904 475 1930 cacumen
497 1892 648 1938 leones,
674 1892 714 1929 in
738 1892 940 1929 radicibus
965 1904 1057 1929 vero
1088 1892 1234 1929 montis
1253 1898 1454 1941 serpentes
1488 1899 1702 1929 versantur.

141 1964 194 2000 At
226 1962 266 2000 in
298 1963 433 2002 media
464 1971 577 2014 parte
610 1964 755 2002 montis
788 1976 938 2013 pascua
968 1964 1127 2002 brevior
1160 1964 1316 2002 Servius
1359 1976 1446 2002 esse
1484 1964 1562 2000 vult
1595 1963 1704 2012 quod

142 2034 306 2073 minime
322 2035 509 2084 ‘quadrat
541 2036 592 2074 ad
624 2048 795 2074 sensum.
860 2036 1001 2085 Neque
1035 2036 1139 2073 enim
1172 2036 1372 2084 quaeritur
1403 2043 1530 2072 utrum
1564 2035 1703 2072 humus

143 2120 193 2145 an
226 2119 366 2145 saxum
397 2107 576 2158 singulasx
617 2107 764 2145 montis
806 2115 938 2157 partes
983 2108 1162 2152 texerint,
1198 2109 1269 2145 sed
1319 2107 1598 2157 exponendum
1647 2116 1704 2144 est

141 2191 262 2227 quam
295 2178 454 2216 beluam
487 2179 735 2217 inveniamus
768 2179 808 2216 in
841 2179 976 2217 medio
1009 2187 1165 2219 monte:
1209 2179 1318 2228 quod
1361 2187 1466 2217 recte
1499 2179 1591 2216 fecit
1624 2179 1703 2227 ple-

141 2250 230 2287 nior
261 2250 416 2289 Servius
448 2251 580 2289 verbis
613 2263 714 2300 quae
748 2250 906 2289 brevior
937 2251 1122 2301 neglexit.

286 2334 335 2372 G.
361 2348 400 2381 4,
451 2336 559 2384 363:
596 2365 604 2380 ,
631 2365 638 2372 .
668 2365 674 2372 .
701 2335 829 2372 Lacus
877 2342 1006 2372 autem
1056 2335 1152 2373 dicit
1195 2335 1362 2372 fontium
1411 2343 1448 2372 et
1496 2334 1702 2371 fluviorum

141 2406 404 2456 receptacula.
469 2407 584 2444 Haec
617 2413 749 2444 autem
784 2419 866 2444 non
899 2414 989 2444 sunt
1021 2419 1092 2456 per
1114 2407 1314 2456 poeticam
1347 2406 1549 2443 licentiam
1582 2405 1700 2449 dicta,

141 2477 213 2516 sed
246 2490 293 2516 ex
324 2477 534 2528 Aegyptiis
578 2484 706 2516 tracta
746 2485 836 2515 sunt
883 2477 1030 2519 sacris:
1073 2492 1162 2515 nam
1197 2479 1299 2515 certis
1346 2478 1482 2521 diebus,
1516 2478 1555 2513 in
1586 2478 1703 2513 saeris

141 2549 223 2587 Nili
257 2549 386 2599 ,pueri
418 2550 470 2588 de
504 2549 625 2587 sacris
657 2536 897 2599 parentibus
929 2549 1011 2587 nati
1045 2563 1069 2587 a
1101 2549 1376 2587 sacerdotibus
1418 2548 1602 2597 nymphis
1635 2548 1700 2585 da-

140 2621 311 2659 bantur!
375 2622 421 2659 In
454 2628 640 2671 promptu
663 2628 721 2659 est
753 2633 827 2659 nos
859 2621 989 2659 verbis
1025 2634 1128 2667 ,nam
1154 2621 1269 2659 certis
1303 2620 1456 2664 diebus,
1494 2620 1532 2656 in
1566 2619 1699 2656 sacris*

140 2692 319 2742 indigere
360 2705 492 2742 neque
533 2692 654 2730 Thilo
693 2693 888 2731 dubitavit
921 2705 968 2731 ea
1017 2693 1154 2731 Servio
1201 2692 1413 2730 attribuere
1459 2703 1699 2739 quamquam

139 2763 297 2814 plenior
328 2764 435 2802 solus
469 2777 517 2802 ea
549 2760 786 2815 servavitffi).

282 2835 442 2874 Deinde
474 2836 592 2874 etiam
625 2836 725 2874 haec
759 2836 1133 2881 animadvertamus,
1160 2845 1263 2883 quae
1296 2846 1414 2883 supra
1446 2832 1542 2878 dixi,
1577 2832 1698 2883 pleni-

282 3045 324 3095 48)
351 3047 395 3080 cf.
423 3048 537 3088 Thilo,
567 3048 625 3080 ed.
655 3049 745 3081 Serv.
773 3049 834 3087 III,
871 3056 882 3080 1
916 3047 958 3079 ad
985 3046 1072 3079 hunc
1098 3058 1240 3085 versum,
